
@book{bishop2006-PRML,
  title={Pattern recognition and machine learning},
  author={Bishop, Christopher M},
  year={2006},
  publisher={springer},
}
@article{Boyd2011,
  title={The cultural niche: Why social learning is essential for human adaptation},
  author={Boyd, Robert and Richerson, Peter J and Henrich, Joseph},
  journal=PNAS,
  volume={108},
  number={2},
  pages={10918--10925},
  year={2011},
  publisher={National Acad Sciences},
}
@article{bradley1952-pairedComparisions,
  title={Rank analysis of incomplete block designs: I. The method of paired comparisons},
  author={Bradley, Ralph Allan and Terry, Milton E},
  journal={Biometrika},
  volume={39},
  number={3/4},
  pages={324--345},
  year={1952},
  publisher={JSTOR}
}
@inproceedings{coulom2008-wholeHistoryRating,
  title={Whole-history rating: A Bayesian rating system for players of time-varying strength},
  author={Coulom, R{\'e}mi},
  booktitle={International Conference on Computers and Games},
  pages={113--124},
  year={2008},
  organization={Springer},
}
@inproceedings{dangauthier2008-trueskillThroughTime,
  title={Trueskill through time: Revisiting the history of chess},
  author={Dangauthier, Pierre and Herbrich, Ralf and Minka, Tom and Graepel, Thore},
  booktitle={Advances in Neural Information Processing Systems},
  pages={337--344},
  year={2008},
}
@article{derex2020-populationStructure,
  title={Cumulative Cultural Evolution within Evolving Population Structures},
  author={Derex, Maxime and Mesoudi, Alex},
  journal={Trends in Cognitive Science},
  year={2020},
}
@book{elo1961-uscf,
  title={The USCF rating system},
  author={Elo, Arpad E},
  year={1961},
 publisher={U.S.  Chess Federation   publication}
}
@book{fox2010-bayesianIRT,
  title={Bayesian item response modeling: Theory and applications},
  author={Fox, Jean-Paul},
  year={2010},
  publisher={Springer Science \& Business Media},
}
@misc{glikman_gliko_2,
  author = {Glickman, Mark},
  title = {Example of the Glicko-2 system},
  year = {2013},
  month = {11},
  howpublished = {\url{http://www.glicko.net/glicko/glicko2.pdf}},
  note = {Accessed: 2016-07-12}
}
@article{GonzalezForero2018,
  title={Inference of ecological and social drivers of human brain-size evolution},
  author={Gonz{\'a}lez-Forero, Mauricio and Gardner, Andy},
  journal={Nature},
  volume={557},
  number={7706},
  pages={554--557},
  year={2018},
  publisher={Nature Publishing Group}
}
@incollection{herbrich2006-trueskill,
Publisher = {MIT Press},
Author = {Herbrich,Ralf  and Minka, Ralf  and Graepel, Thore},
Booktitle = {Advances in Neural Information Processing Systems 19},
Title = {TrueSkill: A Bayesian Skill Rating System},
Year = {2006},
Address = {Cambridge, MA},
Pages = {569--576},
} 
@article{Herrmann2007,
  title={Humans have evolved specialized skills of social cognition: The cultural intelligence hypothesis},
  author={Herrmann, Esther and Call, Josep and Hern{\'a}ndez-Lloreda, Mar{\'\i}a Victoria and Hare, Brian and Tomasello, Michael},
  journal={science},
  volume={317},
  number={5843},
  pages={1360--1366},
  year={2007},
  publisher={American Association for the Advancement of Science}
}
@article{Jones2011,
  title={Primates and the evolution of long, slow life histories},
  author={Jones, James Holland},
  journal={Current Biology},
  volume={21},
  number={18},
  pages={R708--R717},
  year={2011},
  publisher={Elsevier}
}
@article{Koster2020,
  title={The life history of human foraging: Cross-cultural and individual variation},
  author={Koster, Jeremy and McElreath, Richard and Hill, Kim and Yu, Douglas and Shepard, Glenn and Van Vliet, Nathalie and Gurven, Michael and Trumble, Benjamin and Bird, Rebecca Bliege and Bird, Douglas and Codding, Brian and Coad, Lauren and Pacheco-Cobos, Luis and Winterhalder, Bruce and Lupo, Karen and Schmitt, Dave and Sillitoe, Paul and Franzen, Margaret and Alvard, Michael and Venkataraman, Vivek and Kraft, Thomas and Endicott, Kirk and Beckerman, Stephen and Marks, Stuart and Headland, Thomas and Pangau-Adam, Margaretha and Siren, Andres and Kramer, Karen and Greaves, Russell and Reyes-Garc\'i, Victoria and Gu\`eze, Maximilien and Duda, Romain and Fern\'andez-Llamazares, \'Alvaro and Gallois, Sandrine and Napitupulu, Lucentezza and Ellen, Roy and Ziker, John and Nielsen, Martin and Ready, Elspeth and Healey, Christopher and Ross, Cody},
  journal={Science Advances},
  volume={6},
  number={26},
  pages={eaax9070},
  year={2020},
  publisher={American Association for the Advancement of Science},
}
@article{kschischang2001-factorGraphsAndTheSumProductAlgorithm,
  title={Factor graphs and the sum-product algorithm},
  author={Kschischang, Frank R and Frey, Brendan J and Loeliger, H-A},
  journal={IEEE Transactions on information theory},
  volume={47},
  number={2},
  pages={498--519},
  year={2001},
  publisher={IEEE},
}
@inproceedings{maystre2019-pairwise,
  title={Pairwise Comparisons with Flexible Time-Dynamics},
  author={Maystre, Lucas and Kristof, Victor and Grossglauser, Matthias},
  booktitle={Proceedings of the 25th ACM SIGKDD International Conference on Knowledge Discovery \& Data Mining},
  pages={1236--1246},
  year={2019},
}
@article{mosteller1951-remarks,
  title={Remarks on the method of paired comparisons: I, II and III},
  author={Mosteller, Frederick},
  journal={Psychometrika},
  volume={16},
  number={2},
  year={1951},
  publisher={Springer}
}
@article{thurstone1927-comparativeJugement,
  title={A law of comparative judgment.},
  author={Thurstone, Louis L},
  journal={Psychological review},
  volume={34},
  number={4},
  pages={273},
  year={1927},
  publisher={Psychological Review Company},
}
@book{vanDerLinden2016-handbookIRT_1,
  title={Handbook of Item Response Theory, Volume 1: Models},
  author={van der Linden, Wim J},
  year={2016},
  publisher={Chapman and Hall/CRC},
}
@incollection{zermelo1929-translation,
  title={The calculation of the results of a tournament as a maximum problem in the calculus of probability (translation of 1929 paper)},
  author={Zermelo, Ernst},
  editor={Ebbinghaus, Heinz-Dieter and Kanamori, Akihiro},
  booktitle={Ernst Zermelo - Collected Works Volume II},
  year = {[1929] 2013},
  doi = {10.1007/978-3-540-70856-8},
  isbn = {978-3-540-70856-8},
  publisher={Springer-Verlag Berlin Heidelberg},
}
