\AtEveryBibitem{%
  \clearfield{note}%
}

###################################################################################################################
## ESTE ARCHIVO RESPETA UN DETERMINADO FORMATO Y ORDEN, HAY DOS OPCIONES PARA MODIFIARLO                         ##
##                                                                                                               ##
## IMPORTANTE: las citas estan armadas para combinarse con dos posibles archivos:                                ##
## journalsAbbr.bib o journalsLong.bib que sirven para tener control de nombres cortos o largos de revistas y/o  ##
## conferencias. Ejemplo de uso: \bibliography{journalsAbbr,gaming} para tener nombres cortos                    ##
##                                                                                                               ##
## 1. SI SABES EL FORMATO, AGREGA DONDE CORRESPONDE                                                              ##
## 2. SI NO SABES EL FORMATO, ENTONCES REFERENCIAS AL FINAL DE ESTE ARCHIVO (AGREGA UN SEPARADOR PARA INDICARLO) ##
## 3. SE AGREGA EN ORDEN ALFABETICO                                                                              ##
## 4. VERIFICAR EL USO DE KEYWORDS PARA EXPANDIR A JOURNALS/CONFERENCIAS CORTOS/LARGOS                           ##
## 5. LAS CLAVES COMIENZAN CON MAY'USCULAS, CORRESPONDEN CON PRIMER AUTOR Y A~NO DE PUBLICACION                  ##
## 6. SE USA UN TAB DE CUATRO ESPACIOS DENTRO DE CADA CITA                                                       ##
###################################################################################################################

@INPROCEEDINGS{Abbeel2004, 
    title = {Apprenticeship learning via inverse reinforcement learning},
    author = {Abbeel, Pieter and Ng, Andrew Y},
    booktitle = Proc # "of the twenty-first " # Int # Conf # "on Machine learning",
    pages = 1,
    numpages = 8,
    doi = {10.1145/1015330.1015430},
    year = 2004,
}

@inproceedings{adamic2016-informationEvolutionInSocialNetworks,
  title={Information evolution in social networks},
  author={Adamic, Lada A and Lento, Thomas M and Adar, Eytan and Ng, Pauline C},
  booktitle={Proceedings of the Ninth ACM International Conference on Web Search and Data Mining},
  pages={473--482},
  year={2016},
  organization=ACM,
}

@article{adamou2016-dynamicsOfInequality,
  title={Dynamics of inequality},
  author={Adamou, Alexander and Peters, Ole},
  journal={Significance},
  volume={13},
  number={3},
  pages={32--35},
  year={2016},
  publisher={Wiley Online Library},
}

@article{adjodah2017-improvedLearningEvolutionStrategiesViaNetworkTopologies,
  title={Improved Learning in Evolution Strategies via Sparser Inter-Agent Network Topologies},
  author={Adjodah, Dhaval and Calacci, Dan and Leng, Yan and Krafft, Peter and Moro, Esteban and Pentland, Alex},
  journal={arXiv preprint arXiv:1711.11180},
  year={2017}
}

@article{Agrawal98,
 author = {Agrawal, Rakesh and Gehrke, Johannes and Gunopulos, Dimitrios and Raghavan, Prabhakar},
 title = {Automatic Subspace Clustering of High Dimensional Data for Data Mining Applications},
 journal = {SIGMOD Rec.},
 issue_date = {June 1998},
 volume = {27},
 number = {2},
 month = jun,
 year = {1998},
 issn = {0163-5808},
 pages = {94--105},
 numpages = {12},
 url = {http://doi.acm.org/10.1145/276305.276314},
 doi = {10.1145/276305.276314},
 acmid = {276314},
 publisher = {ACM},
 address = {New York, NY, USA},
}

@book{ahmadThesis,
    author    = "Ahmad, Muhammad Aurangzeb",
    title     = "Computational trust in multiplayer online games",
    year      = "2012",
    publisher = "Ph.D. thesis, Departament of Computer Science, University of Minnesota",
    address   = "Twin Cities"
}


@inproceedings{ahmad14,
 author = {Ahmad, Muhammad Aurangzeb and Srivastava, Jaideep},
 title = {Behavioral Data Mining and Network Analysis in Massive Online Games},
 booktitle = {Proceedings of the 7th ACM International Conference on Web Search and Data Mining},
 series = {WSDM '14},
 year = {2014},
 isbn = {978-1-4503-2351-2},
 location = {New York, New York, USA},
 pages = {673--674},
 numpages = {2},
 url = {http://doi.acm.org/10.1145/2556195.2556196},
 doi = {10.1145/2556195.2556196},
 acmid = {2556196},
 publisher = {ACM},
 address = {New York, NY, USA},
 keywords = {behavioral mining, game analytics, social network analysis},
}

@INPROCEEDINGS{Ahmad12,
  author = {Ahmad, Muhammad Aurangzeb and Borbora, Zoheb and Srivastava, Jaideep and Contractor, Noshir},
  title = {Love All, Trust a Few: Link Prediction for Trust and Psycho-social Factors in MMOs},
  booktitle = {Proceedings of the 5th International Conference on Social Computing, Behavioral-Cultural Modeling and Prediction},
  series = {SBP'12},
  year = {2012},
  isbn = {978-3-642-29046-6},
  location = {College Park, MD},
  pages = {123--130},
  numpages = {8},
  url = {http://dx.doi.org/10.1007/978-3-642-29047-3_15},
  doi = {10.1007/978-3-642-29047-3_15},
  acmid = {2260781},
  publisher = {Springer-Verlag},
  address = {Berlin, Heidelberg},
}

@INPROCEEDINGS{ahmad09,
author={Ahmad, M.A and Keegan, B. and Srivastava, J. and Williams, D. and Contractor, N.},
booktitle={Computational Science and Engineering, 2009. CSE '09. International Conference on},
title={Mining for Gold Farmers: Automatic Detection of Deviant Players in MMOGs},
year={2009},
month={Aug},
volume={4},
pages={340-345},
doi={10.1109/CSE.2009.307},}



@book{alexander1987-biologyMoral,
    author    = "Richard D. Alexander",
    title     = "The biology of moral systems",
    year      = "1987",
    publisher = "Aldine de Gruyter",
    address   = "New York"
}

@misc{alger2016-repoInverseReinforcementLearning,
  author       = {Matthew Alger},
  title        = {Inverse Reinforcement Learning},
  year         = {2016},
  doi          = {10.5281/zenodo.555999},
}

@article{amelkin2018-collectivePerformanceCollaborationNetworks,
  title={Dynamics of collective performance in collaboration networks},
  author={Amelkin, Victor and Askarisichani, Omid and Kim, Young Ji and Malone, Thomas W and Singh, Ambuj K},
  journal={PloS one},
  volume={13},
  number={10},
  pages={e0204547},
  year={2018},
  publisher={Public Library of Science}
}

@book{anderson2014-humanAssociativeMemory,
  title={Human associative memory},
  author={Anderson, John R and Bower, Gordon H},
  year={1973},
  publisher={Wiley, NY}
}

@article{anzai1979-learningByDoing,
  title={The theory of learning by doing.},
  author={Anzai, Yuichiro and Simon, Herbert A},
  journal={Psychological review},
  volume={86},
  number={2},
  pages={124},
  year={1979},
  publisher={American Psychological Association}
}

@article{aplin2022-birdsCulture,
  title={Culture in birds},
  author={Aplin, Lucy},
  journal={Current Biology},
  volume={32},
  number={20},
  pages={R1136--R1140},
  year={2022},
  publisher={Elsevier}
}

@article{aral2009-influenceBasedContagion,
  title={Distinguishing influence-based contagion from homophily-driven diffusion in dynamic networks},
  author={Aral, Sinan and Muchnik, Lev and Sundararajan, Arun},
  journal=PNAS,
  volume={106},
  number={51},
  pages={21544--21549},
  year={2009},
  publisher={National Acad Sciences}
}

@article{aral2012-identifyingInfluentialAndSusceptibleMembers,
  title={Identifying influential and susceptible members of social networks},
  author={Aral, Sinan and Walker, Dylan},
  journal={Science},
  volume={337},
  number={6092},
  pages={337--341},
  year={2012},
  publisher={American Association for the Advancement of Science}
}

@article{argall2009-learningFromDemonstration,
  title={A survey of robot learning from demonstration},
  author={Argall, Brenna D and Chernova, Sonia and Veloso, Manuela and Browning, Brett},
  journal={Robotics and autonomous systems},
  volume={57},
  number={5},
  pages={469--483},
  year={2009},
  publisher={Elsevier},
}

@article{Axelrod1981-evolutionOfCooperation,
  author = {Axelrod, R and Hamilton, WD},
  title = {The evolution of cooperation},
  volume = {211},
  number = {4489},
  pages = {1390--1396},
  year = {1981},
  publisher = {American Association for the Advancement of Science},
  journal = {Science}
}

@book{axelrod1984-evolutionOfCooperation,
  title={The evolution of cooperation},
  author={Axelrod, Robert M},
  year={1984},
  publisher={Basic books}
}

@article{axelrod1986-evolutionaryApproachToNorms,
     title = {An Evolutionary Approach to Norms},
     author = {Axelrod, Robert},
     journal = {The American Political Science Review},
     volume = {80},
     number = {4},
     pages = {pp. 1095-1111},
     ISSN = {00030554},
     year = {1986},
     publisher = {American Political Science Association},
}

@article{axelrod1993,
     title = {A Landscape Theory of Aggregation},
     author = {Axelrod, Robert and Bennett, D. Scott},
     journal = {British Journal of Political Science},
     volume = {23},
     number = {2},
     pages = {pp. 211-233},
     year = {1993},
     publisher = {Cambridge University Press},
     copyright = {Copyright Â© 1993 Cambridge University Press},
}

@INPROCEEDINGS{bachrach2012-bayesianAptitudTesting,
  title={How to grade a test without knowing the answers---a Bayesian graphical model for adaptive crowdsourcing and aptitude testing},
  author={Bachrach, Yoram and Graepel, Thore and Minka, Tom and Guiver, John},
  journal={International Conference on Machine Learning},
  year={2012},
}

@inproceedings{bachrach2008-coalitionalSkillGames,
  title={Coalitional skill games},
  author={Bachrach, Yoram and Rosenschein, Jeffrey S},
  booktitle={Proceedings of the 7th international joint conference on Autonomous agents and multiagent systems-Volume 2},
  pages={1023--1030},
  year={2008},
  organization={International Foundation for Autonomous Agents and Multiagent Systems}
}


@inproceedings{bachrach2012-personalityAndPatternsOfFacebookUsage,
  title={Personality and patterns of Facebook usage},
  author={Bachrach, Yoram and Kosinski, Michal and Graepel, Thore and Kohli, Pushmeet and Stillwell, David},
  author={Bachrach, Yoram and Kosinski, Michal and Graepel, Thore and Kohli, Pushmeet and Stillwell, David},
  booktitle={Proceedings of the 4th annual ACM web science conference},
  pages={24--32},
  year={2012},
  organization={ACM}
}

@article{baldwin2018-theRiseOfPeerReview,
  title={Scientific autonomy, public accountability, and the rise of âpeer reviewâ in the Cold War United States},
  author={Baldwin, Melinda},
  journal={Isis},
  volume={109},
  number={3},
  pages={538--558},
  year={2018},
  publisher={University of Chicago Press Chicago, IL}
}



@article{barber2018-knockoffs,
  title={Robust inference with knockoffs},
  author={Barber, Rina Foygel and Cand{\`e}s, Emmanuel J and Samworth, Richard J},
  journal={arXiv preprint arXiv:1801.03896},
  year={2018}
}

@article{barberis2013-reviewProspectTheory,
  title={Thirty years of prospect theory in economics: A review and assessment},
  author={Barberis, Nicholas C},
  journal={Journal of Economic Perspectives},
  volume={27},
  number={1},
  pages={173--96},
  year={2013},
}


@article{barOn2018-biomass,
  title={The biomass distribution on Earth},
  author={Bar-On, Yinon M and Phillips, Rob and Milo, Ron},
  journal={Proceedings of the National Academy of Sciences},
  volume={115},
  number={25},
  pages={6506--6511},
  year={2018},
  publisher={National Acad Sciences}
}

@INPROCEEDINGS{Bakshy2010,
    author = {Eytan Bakshy and Matthew Simmons and David Huffaker and Chun-Yuen Cheng and Lada Adamic},
    boooktitle = {Proceedings of the Fourth International AAAI Conference on Weblogs and Social Media},
    title = {The Social Dynamics of Economic Activity in a Virtual World},
    conference = {International AAAI Conference on Weblogs and Social Media},
    year = {2010},
}

@article{bakshy2015-ideologicallyDiverseOpinionFacebook,
  title={Exposure to ideologically diverse news and opinion on Facebook},
  author={Bakshy, Eytan and Messing, Solomon and Adamic, Lada A},
  journal={Science},
  volume={348},
  number={6239},
  pages={1130--1132},
  year={2015},
  publisher={American Association for the Advancement of Science}
}


@article{bainbridge2007-scientificResearchOfVirtualWorlds,
  title={The scientific research potential of virtual worlds},
  author={Bainbridge, William Sims},
  journal={science},
  volume={317},
  number={5837},
  pages={472--476},
  year={2007},
  publisher={American Association for the Advancement of Science}
}


@book{bainbridge,
    author    = "William Sims Bainbridge",
    title     = "The Warcraft Civilization Social Science in a Virtual World",
    year      = "2010",
    publisher = "MIT Press",
    address   = "Boston"
}


	
@article{Banerjee2010,
  author={Anand Banerjee and Victor M Yakovenko},
  title={Universal patterns of inequality},
  journal={New Journal of Physics},
  volume={12},
  number={7},
  pages={075032},
  year={2010}
}

@book{bandura1963-personalityDevelopment,
  title={Social learning and personality development},
  author={Bandura, Albert and Walters, Richard H},
  volume={14},
  year={1963},
  publisher={JSTOR}
}

@BOOK{bandura1977-socialLearning,
  title={Social Learning Theory},
  author={Bandura, Albert},
  year={1977},
  publisher={Prentice-Hall}
}

@article{bandura1986-socialCognitiveTheory,
  title={Social foundations of thought and action: A social cognitive theory},
  author={Bandura, Albert},
  journal={NY.: Prentice-Hall},
  year={1986}
}


@article{bandura1989-humanAgencySCT,
  title={Human agency in social cognitive theory.},
  author={Bandura, Albert},
  journal={American psychologist},
  volume={44},
  number={9},
  pages={1175},
  year={1989},
  publisher={American Psychological Association}
}

@article{bandura2005-evolutionOfSCT,
  title={The evolution of social cognitive theory},
  author={Bandura, Albert},
  journal={Great minds in management},
  pages={9--35},
  year={2005}
}


 @article{Barabasi2002,
  title = {Statistical mechanics of complex networks},
  author = {Albert, R\'eka and Barab\'asi, Albert-L\'aszl\'o},
  journal = {Rev. Mod. Phys.},
  volume = {74},
  issue = {1},
  pages = {47--97},
  year = {2002},
  month = {Jan},
  publisher = {American Physical Society}
}

 
@article{barg,
  author =       " Alexander Barg and GÃ©rard D. Cohen and Sylvia B. Encheva and Gregory A. Kabatiansky and Gilles ZÃ©mor ",
  title =        "A Hypergraph Approach to the Identifying Parent Property: The Case of Multiple Parents",
  journal =      " Electronic Notes in Discrete Mathematics",
  volume =       "14",
  number =       "3",
  pages =        "423-431",
  year =         "2001"
}

@article{barrett2007-hominidEntryIntoCognitiveNiche,
  title={The hominid entry into the cognitive niche},
  author={Barrett, H Clark and Cosmides, Leda and Tooby, John},
  journal={Evolution of mind, fundamental questions and controversies},
  pages={241--248},
  year={2007}
}

@book{barth1961-ethnography,
  title={Nomads of south Persia: The Basseri tribe of the Khamseh confederacy},
  author={Barth, Frederik},
  year={1961},
  publisher={Read Books Ltd}
}

@inproceedings{baudivs2011-stateOfTheArtOpenSourceGoProgram,
  title={Pachi: State of the art open source Go program},
  author={Baudi{\v{s}}, Petr and Gailly, Jean-loup},
  booktitle={Advances in computer games},
  pages={24--38},
  year={2011},
  organization={Springer}
}

 
@ARTICLE{Baum2004,
    title = {Cultural Evolution in Laboratory Microsocieties including Traditions of Rule Giving and Rule Following},
    author = {Baum, William M and Richerson, Peter J and Efferson, Charles M and Paciotti, Brian M},
    journal= EvolHumBehav,
    volume = 25,
    number = 5,
    pages = {305--326},
    year = 2004,
    month = Sep,
    publisher = {Elsevier},
    doi = "10.1016/j.evolhumbehav.2004.05.003",
}

@article{baker2009-actionUnderstandingAsInversePlanning,
  title={Action understanding as inverse planning},
  author={Baker, Chris L and Saxe, Rebecca and Tenenbaum, Joshua B},
  journal={Cognition},
  volume={113},
  number={3},
  pages={329--349},
  year={2009},
  publisher={Elsevier}
}

@article{barkoczi2016-socialLearningNetworkStructure,
  title={Social learning strategies modify the effect of network structure on group performance},
  author={Barkoczi, Daniel and Galesic, Mirta},
  journal={Nature communications},
  volume={7},
  number={1},
  pages={1--8},
  year={2016},
  publisher={Nature Publishing Group}
}

@ARTICLE{Beheim2014,
    title = {Strategic social learning and the population dynamics of human behavior: The game of Go},
    author = {Beheim, Bret Alexander and Thigpen, Calvin and McElreath, Richard},
    journal = EvolHumBehav,
    volume = 35,
    number = 5,
    pages = {351--357},
    year = 2014,
    month = Sep,
    doi = "10.1016/j.evolhumbehav.2014.04.001",
    publisher = {Elsevier}
}

@article{berthelot2012-exponentialGrowthAndCeclineExplainsLifetimePerformance,
  title={Exponential growth combined with exponential decline explains lifetime performance evolution in individual and human species},
  author={Berthelot, Geoffroy and Len, St{\'e}phane and Hellard, Philippe and Tafflet, Muriel and Guillaume, Marion and Vollmer, Jean-Claude and Gager, Bruno and Quinquis, Laurent and Marc, Andy and Toussaint, Jean-Fran{\c{c}}ois},
  journal={Age},
  volume={34},
  number={4},
  pages={1001--1009},
  year={2012},
  publisher = Springer
}

@BOOK{Bishop2006,
    title = {Pattern Recognition and Machine Learning},
    series = "Information Science and Statistics",
    author = {Bishop, Christopher M},
    year = 2006,
    isbn = "978-0-387-31073-2",
    publisher = SpringerVerlag,
    address = "New York, NY",
    numpages = 738,
    edition  = 1,
}

@book{bishop2006-PRMLsolutions,
  title={Pattern recognition and machine learning. Solutions to exercises.},
  author={Svens\'en, Markus and Bishop, Christopher M},
  year={2006},
  publisher={springer},
}

@misc{bishop2011-PRMLerrata,
  title={Pattern Recognition and Machine Learning. Errata and Additional Comments},
  author={Svens\'en, Markus and Bishop, Christopher M},
  year={2011},
}

@article{Bishop2013,
  title = {Model-based machine learning},
  author = {Bishop, Christopher M},
  journal = PhilosTRSocA,
  volume = 371,
  number = 1984,
  pages = 20120222,
  year = 2013,
  month = Feb,
  doi = "10.1098/rsta.2012.0222",
  publisher = {The Royal Society Publishing},
}

@book{balzer2012-structuralistProgram,
  title={An architectonic for science: The structuralist program},
  author={Balzer, Wolfgang and Moulines, C Ulises and Sneed, Joseph D},
  volume={186},
  year={2012},
  publisher={Springer Science \& Business Media}
}

@article{blei2017-variationalInference,
  title={Variational inference: A review for statisticians},
  author={Blei, David M and Kucukelbir, Alp and McAuliffe, Jon D},
  journal={Journal of the American Statistical Association},
  year={2017},
  publisher={Taylor \& Francis}
}


@book{bodenhofer2003-geneticAlgorithms,
  title={Genetic algorithms: theory and applications},
  author={Bodenhofer, Ulrich},
  year={2003},
  publisher={Fuzzy Logic Laboratorium Linz-Hagenberg}
}

@article{boehm1978-rationalPreselection,
  title={Rational preselection from Hamadryas to Homo sapiens: The place of decisions in adaptive process},
  author={Boehm, Christopher},
  journal={American Anthropologist},
  volume={80},
  number={2},
  pages={265--296},
  year={1978},
  publisher={Wiley Online Library}
}

@article{boldi2014,
  title={Axioms for centrality},
  author={Boldi, Paolo and Vigna, Sebastiano},
  journal={Internet Mathematics},
  volume={10},
  number={3-4},
  pages={222--262},
  year={2014},
  publisher={Taylor \& Francis}
}

@article{bor2007-cognitiveTrainingExpertSkills,
  title={Cognitive training: neural correlates of expert skills},
  author={Bor, Daniel and Owen, Adrian M},
  journal={Current Biology},
  volume={17},
  number={3},
  pages={R95--R97},
  year={2007},
  publisher={Elsevier}
}

@INPROCEEDINGS{borbora2012-churnPredictionOnlineGames,
author={Borbora, Z.H. and Srivastava, J.},
booktitle={Privacy, Security, Risk and Trust (PASSAT), 2012 International Conference on and 2012 International Confernece on Social Computing (SocialCom)},
title={User Behavior Modelling Approach for Churn Prediction in Online Games},
year={2012},
month={Sept},
pages={51-60}
}

@article{borel1921-theorieDuJeu,
  title={La th{\'e}orie du jeu et les {\'e}quations int{\'e}grales {\`a} noyau sym{\'e}trique},
  author={Borel, Emile},
  journal={Comptes rendus de lâAcad{\'e}mie des Sciences},
  volume={173},
  number={1304-1308},
  pages={58},
  year={1921}
}

 
@ARTICLE{Bouchaud2000,
    title = "Wealth condensation in a simple model of economy",
    journal = PhysicaA,
    volume = 282,
    number = "3--4",
    pages = "536 - 545",
    year = 2000,
    month = Jul,
    author = "Bouchaud, Jean-Philippe  and M\'ezard, Marc",
    doi = {10.1016/S0378-4371(00)00205-3},
}

@inproceedings{bouzy2005-kNearestNeighborPatternsFor19x19Go,
  title={Bayesian Generation and Integration of K-nearest-neighbor Patterns for 19x19 Go.},
  author={Bouzy, Bruno and Chaslot, Guillaume},
  booktitle={CIG},
  year={2005}
}

@book{boyd1985-evolutionaryProcess,
  title={Culture and the evolutionary process},
  author={Boyd, Robert and Richerson, Peter J},
  year={1985},
  publisher={University of Chicago press}
}

@article{boyd1989-socialLearningAsAdaptation,
  author =       "Robert Boyd and Peter J. Richerson",
  title =        "Social learning as an adaptation",
  journal =      "Lectures on Mathematics in the Life Sciences",
  volume =       "20",
  number =       "",
  pages =        "1-26",
  year =         "1989"
}

@article{boyd1989-indirectReciprocity,
  title={The evolution of indirect reciprocity},
  author={Boyd, Robert and Richerson, Peter J},
  journal={Social Networks},
  volume={11},
  number={3},
  pages={213--236},
  year={1989},
  publisher={Elsevier}
}


@article{boyd1988,
  author =       "Robert Boyd and Peter J. Richerson",
  title =        "The evolution reciprocity in sizable groups",
  journal =      "Journal of Theoretical Biology",
  volume =       "132",
  number =       "",
  pages =        "337-356",
  year =         "1988"
}

@article{boyd1995-cultureIncreaseAdaptability,
  title={Why does culture increase human adaptability?},
  author={Boyd, Robert and Richerson, Peter J},
  journal={Ethology and sociobiology},
  volume={16},
  number={2},
  pages={125--143},
  year={1995},
  publisher={Elsevier},
}


@inproceedings{boyd1996-whyCultureIsCommon,
  title={Why culture is common, but cultural evolution is rare},
  author={Boyd, Robert and Richerson, Peter J},
  booktitle={Proceedings-British Academy},
  volume={88},
  pages={77--94},
  year={1996},
  organization={OXFORD UNIVERSITY PRESS INC.}
}


@article{boyd02,
  author =       "Robert Boyd and Peter J. Richerson",
  title =        "Group beneficial norms spread rapidly in a structured population",
  journal =      "Journal of Theoretical Biology",
  volume =       "215",
  number =       "",
  pages =        "287-296",
  year =         "2002"
}

@article{boyd2003evolution,
  title={The evolution of altruistic punishment},
  author={Boyd, Robert and Gintis, Herbert and Bowles, Samuel and Richerson, Peter J},
  journal=PNAS,
  volume={100},
  number={6},
  pages={3531--3535},
  year={2003},
  publisher={National Acad Sciences}
}



@article{boyd1993,
  author =       "Robert Boyd and Hebert Gintis and Samuel Bowles and Peter J. Richerson",
  title =        "Rationality, imitation, and tradition",
  journal =      "In: Nonlinear Dynamics and Evolutionary Economics, R. Day and P. Chen, eds. New York: Oxford University Press",
  volume =       "",
  number =       "",
  pages =        "131â149",
  year =         "1993"
}

@book{boyd2005-origin,
    author    = "Robert Boyd and Peter J. Richerson",
    title     = "The Origin and Evolution of Cultures",
    year      = "2005",
    publisher = "Oxford University Press"
}

@ARTICLE{Boyd2011,
  title = {The cultural niche: Why social learning is essential for human adaptation},
  author = {Boyd, Robert and Richerson, Peter J and Henrich, Joseph},
  journal = PNAS,
  volume = 108,
  number = {Supplement 2},
  pages = {10918--10925},
  year = 2011,
  month = Jun,
  publisher = NAS,
  doi = "10.1073/pnas.1100290108",
  issn = {0027-8424},
}


@article{biele2009-computationalModelAdviceAndLearning,
  title={Computational models for the combination of advice and individual learning},
  author={Biele, Guido and Rieskamp, J{\"o}rg and Gonzalez, Richard},
  journal={Cognitive science},
  volume={33},
  number={2},
  pages={206--242},
  year={2009},
  publisher={Wiley Online Library}
}

@Article{billiard2017-stochasticityInCulturalEvolution,
author="Billiard, Sylvain and Alvergne, Alexandra",
title="Stochasticity in cultural evolution: a revolution yet toÂ happen",
journal="History and Philosophy of the Life Sciences",
year="2017",
month="Nov",
volume="40",
number="1"
}

@ARTICLE{Bradley1952,
    title = {Rank Analysis of Incomplete Block Designs: I. The Method of Paired Comparisons},
    author = {Bradley, Ralph Allan and Terry, Milton E},
    journal = {Biometrika},
    issn = {0006-3444},
    volume = 39,
    number = {3/4},
    pages = {324--345},
    year = 1952,
    month = Dec,
    doi = "10.2307/2334029",
    publisher = {[Oxford University Press, Biometrika Trust]},
}


@article{brand2019-songLyrics,
  title={Cultural evolution of emotional expression in 50 years of song lyrics},
  author={Brand, Charlotte O and Acerbi, Alberto and Mesoudi, Alex},
  journal={Evolutionary Human Sciences},
  volume={1},
  pages={e11},
  year={2019},
  publisher={Cambridge University Press}
}

@INPROCEEDINGS{Brandes2005,
    author = "Brandes, Ulrik and Fleischer, Daniel",
    editor = "Diekert, Volker and Durand, Bruno",
    title = "Centrality Measures Based on Current Flow",
    booktitle = Proc # "of the Annual " # Symp # " on Theoretical Aspects of Computer Science (STACS)",
    year = 2005,
    publisher = "Springer Berlin Heidelberg",
    address = "Berlin, Heidelberg",
    pages = "533--544",
    isbn = "978-3-540-31856-9"
}

@book{bridges1949-ethnography,
  title={Uttermost part of the Earth: Indians of Tierra del Fuego},
  author={Bridges, E Lucas},
  year={1949},
  publisher={Dover Publications}
}

@book{briggs1970-ethnography,
  title={Never in anger: Portrait of an Eskimo family},
  author={Briggs, Jean L},
  volume={12},
  year={1970},
  publisher={Harvard University Press}
}

@book{brown1922-ethnography,
  title={The Andaman Islanders: A Study in Social Anthropology:(Anthony Wilkin Studentship Research, 1906)},
  author={Brown, A Radcliffe},
  year={1922},
  publisher={At the University Press}
}

@article{bui2010-learningOrganizations,
  title={Creating learning organizations: a systems perspective},
  author={Bui, Hong and Baruch, Yehuda},
  journal={The Learning Organization},
  volume={17},
  number={3},
  pages={208--227},
  year={2010},
  publisher={Emerald Group Publishing Limited}
}

@article{busoniu2008-comprehensiveSurveyMARL,
  title={A comprehensive survey of multiagent reinforcement learning},
  author={Busoniu, Lucian and Babuska, Robert and De Schutter, Bart},
  journal={IEEE Transactions on Systems, Man, And Cybernetics-Part C: Applications and Reviews, 38 (2), 2008},
  year={2008},
  publisher=IEEE,
}

@article{campbell1960-blindVariationAndSelectiveRetentions,
  title={Blind variation and selective retentions in creative thought as in other knowledge processes.},
  author={Campbell, Donald T},
  journal={Psychological review},
  volume={67},
  number={6},
  pages={380},
  year={1960},
  publisher={American Psychological Association}
}


@inbook{campbell1965-socioCulturalEvolution,
  author={Campbell, Donald T},
  title={Social change in developing areas: A reinterpretation of evolutionary theory},
  editor={Barringer, Herbert R and Blanksten, George I and Mack, Raymond W} ,
  chapter={Variation and selective retention in socio-cultural evolution},
  pages={26--27},
  year={1965},
  publisher={Cambridge, Mass., Schenkman Pub. Co.},
}

@article{Campbell2002,
  title={Deep blue},
  author={Campbell, Murray and Hoane Jr, A Joseph and Hsu, Feng-hsiung},
  journal={Artificial intelligence},
  volume={134},
  number={1-2},
  pages={57--83},
  year={2002},
  publisher={Elsevier}
}


@article{campbell2010-opinionOfOthers,
  title={How the opinion of others affects our valuation of objects},
  author={Campbell-Meiklejohn, Daniel K and Bach, Dominik R and Roepstorff, Andreas and Dolan, Raymond J and Frith, Chris D},
  journal={Current Biology},
  volume={20},
  number={13},
  pages={1165--1170},
  year={2010},
  publisher={Elsevier}
}


@article{cardillo2015-evolutionOfProjectile,
  title={The evolution of projectile points and technical systems: A case from Northern Patagonian coast (Argentina)},
  author={Cardillo, Marcelo and Alberti, Jimena},
  journal={Journal of Archaeological Science: Reports},
  volume={2},
  pages={612--623},
  year={2015},
  publisher={Elsevier}
}

@article{catmur2009-roleOfExperienceInImitationAndMirrorSystem,
  title={Associative sequence learning: the role of experience in the development of imitation and the mirror system},
  author={Catmur, Caroline and Walsh, Vincent and Heyes, Cecilia},
  journal={Philosophical Transactions of the Royal Society of London B: Biological Sciences},
  volume={364},
  number={1528},
  pages={2369--2380},
  year={2009},
  publisher={The Royal Society}
}



@inproceedings{catteeuw2011-learningAgentsInMinorityGame,
  title={Heterogeneous populations of learning agents in the minority game},
  author={Catteeuw, David and Manderick, Bernard},
  booktitle={International Workshop on Adaptive and Learning Agents},
  pages={100--113},
  year={2011},
  organization={Springer}
}

@inbook{cavalli1971-similarities,
  chapter={Similarities and dissimilarities of sociocultural and biological evolution},
  author={Cavalli-Sforza, Luca Luigi},
  title={Mathematics in the archaeological and historical sciences},
  editor={Hodson, F R and Kendall, D G and Tautu, P} ,
  pages={535--541},
  year={1971},
  publisher={Cambridge, Mass., Schenkman Pub. Co.}
}

@article{cavalliSforza1973-modelsI,
  title={Models for cultural inheritance I. Group mean and within group variation},
  author={Cavalli-Sforza, Luca and Feldman, Marcus W},
  journal={Theoretical population biology},
  volume={4},
  number={1},
  pages={42--55},
  year={1973},
  publisher={Elsevier}
}

@book{cavalliSforza1981-culturalTransmission,
  title={Cultural transmission and evolution: a quantitative approach},
  author={Cavalli-Sforza, Luigi Luca and Feldman, Marcus W},
  year={1981},
  publisher={Princeton University Press}
}

@article{caldwell2008-labCultEvol,
  title={Studying cumulative cultural evolution in the laboratory},
  author={Caldwell, Christine A and Millen, Ailsa E},
  journal={Philosophical Transactions of the Royal Society of London B: Biological Sciences},
  volume={363},
  number={1509},
  pages={3529--3539},
  year={2008},
  publisher={The Royal Society}
}

@article{caldwell2010-experiment,
  title={Human cumulative culture in the laboratory: effects of (micro) population size},
  author={Caldwell, Christine A and Millen, Ailsa E},
  journal={Learning \& Behavior},
  volume={38},
  number={3},
  pages={310--318},
  year={2010},
  publisher={Springer}
}

@article{caldwell2016-innovationLaboratoryCulturalEvolution,
  title={Identifying innovation in laboratory studies of cultural evolution: rates of retention and measures of adaptation},
  author={Caldwell, Christine A and Cornish, Hannah and Kandler, Anne},
  journal={Phil. Trans. R. Soc. B},
  volume={371},
  number={1690},
  pages={20150193},
  year={2016},
  publisher={The Royal Society}
}

@article{cantor2020-networkCulture,
  title={Social network architecture and the tempo of cumulative cultural evolution},
  author={Cantor, Mauricio and Chimento, Michael C and Smeele, Simeon Q and He, Peng and Papageorgiou, Danai and Aplin, Lucy M and Farine, Damien R},
  journal={bioRxiv},
  year={2020},
  publisher={Cold Spring Harbor Laboratory},
  url={https://www.biorxiv.org/content/10.1101/2020.12.04.411934v1.full.pdf}
}

@article{chabris_glickman2006-sexDifferencesChessPerformance,
  title={Sex differences in intellectual performance analysis of a large cohort of competitive chess players},
  author={Chabris, Christopher F and Glickman, Mark E},
  journal={Psychological Science},
  volume={17},
  number={12},
  pages={1040--1046},
  year={2006},
  publisher={SAGE Publications}
}


@book{chagnon1979evolutionary,
  title={Evolutionary biology and human social behavior: An anthropological perspective},
  author={Chagnon, Napoleon A and Irons, William},
  year={1979},
  publisher={Duxbury}
}

@inproceedings{chalkiadakis2003-coordinationMARLBayesianApproach,
  title={Coordination in multiagent reinforcement learning: A Bayesian approach},
  author={Chalkiadakis, Georgios and Boutilier, Craig},
  booktitle={Proceedings of the second international joint conference on Autonomous agents and multiagent systems},
  pages={709--716},
  year={2003},
  organization={ACM}
}

@article{chagnon1968-ethnography,
  title={The fierce people},
  author={Chagnon, Napoleon Alphonseau},
  journal={New York},
  year={1968}
}

@article{chase1973-perceptionInChess,
  title={Perception in chess},
  author={Chase, William G and Simon, Herbert A},
  journal={Cognitive psychology},
  volume={4},
  number={1},
  pages={55--81},
  year={1973},
  publisher={Elsevier}
}


@article{chen,
  author =       "Chien-Hsun Chen and Chuen-Tsai Sun and Jilung Hsieh",
  title =        "Player Guild Dynamics and Evolution in Massively Multiplayer Online Games",
  journal =      "CyberPsychology and Behavior",
  volume =       "11",
  number =       "3",
  pages =        "293-301",
  year =         "2008"
}

@article{chimento2020-turnover,
  title={Population turnover facilitates cultural selection for efficiency},
  author={Chimento, Michael and Alarc{\'o}n-Nieto, Gustavo and Aplin, Lucy},
  year={2020},
  url={https://assets.researchsquare.com/files/rs-88894/v3_stamped.pdf}
}

@article{christakis2013-socialContagionTheory,
  title={Social contagion theory: examining dynamic social networks and human behavior},
  author={Christakis, Nicholas A and Fowler, James H},
  journal={Statistics in medicine},
  volume={32},
  number={4},
  pages={556--577},
  year={2013},
  publisher={Wiley Online Library}
}


@article{Church1990,
 author = {Church, Kenneth Ward and Hanks, Patrick},
 title = {Word Association Norms, Mutual Information, and Lexicography},
 journal = {Comput. Linguist.},
 issue_date = {March 1990},
 volume = {16},
 number = {1},
 month = mar,
 year = {1990},
 issn = {0891-2017},
 pages = {22--29},
 numpages = {8},
 acmid = {89095},
 publisher = {MIT Press},
 address = {Cambridge, MA, USA},
} 



@InProceedings{clark2015-deepCNNToPlayGo,
  title = 	 {Training Deep Convolutional Neural Networks to Play Go},
  author = 	 {Clark, Christopher and Storkey, Amos},
  booktitle = 	 {Proceedings of the 32nd International Conference on Machine Learning},
  pages = 	 {1766--1774},
  year = 	 {2015},
  editor = 	 {Francis Bach and David Blei},
  volume = 	 {37},
  series = 	 {Proceedings of Machine Learning Research},
  address = 	 {Lille, France},
  month = 	 {07--09 Jul},
  publisher = 	 {PMLR}
}

@book{clastres2000-ethnography,
  title={Chronicle of the guayaki indians},
  author={Clastres, Pierre},
  year={2000},
  publisher={Zone Books New York}
}

@article{clauset2004-communityStructureLargeNetworks,
  title = {Finding community structure in very large networks},
  author = {Clauset, Aaron and Newman, M. E. J. and Moore, Cristopher},
  journal = PhysRevE,
  volume = {70},
  issue = {6},
  pages = {066111},
  numpages = {6},
  year = {2004},
  month = {Dec},
  publisher = {American Physical Society}
}

@INPROCEEDINGS{Coulom2008,
    title = {Whole-History Rating: A Bayesian Rating System for Players of Time-Varying Strength},
    editor = "van den Herik, H. Jaap and Xu, Xinhe and Ma, Zongmin and Winands, Mark H. M.",
    author = {Coulom, R\'emi},
    booktitle = Proc # "of the 6th " # Int # Conf # "on Computers and Games",
    pages = {113--124},
    year = 2008,
    isbn = {978-3-540-87607-6},
    publisher = Springer,
    address = {Berlin, Heidelberg},
    doi = {10.1007/978-3-540-87608-3_11},
    location = {Beijing, China},
}

@article{cook2014-mirrorNeurons,
  title={Mirror neurons: from origin to function},
  author={Cook, Richard and Bird, Geoffrey and Catmur, Caroline and Press, Clare and Heyes, Cecilia},
  journal={Behavioral and Brain Sciences},
  volume={37},
  number={02},
  pages={177--192},
  year={2014},
  publisher={Cambridge Univ Press}
}

@article{cole2007-socialInteractions,
  title={Social interactions in massively multiplayer online role-playing gamers},
  author={Cole, Helena and Griffiths, Mark D},
  journal={Cyberpsychology \& behavior},
  volume={10},
  number={4},
  pages={575--583},
  year={2007},
  publisher={Mary Ann Liebert, Inc. 2 Madison Avenue Larchmont, NY 10538 USA}
}

@misc{conrad2004-maximumEntropy,
  title={Probability distributions and maximum entropy},
  author={Conrad, Keith},
  pages={26},
  year={2004},
}

@inproceedings{corach2006-amerindianContribution,
 author = {Corach, Daniel and Marino, Miguel and Sala, Andrea},
 title = {Relevant genetic contribution of Amerindian to the extant population of Argentina},
 series = {International Congress Series 1288},
 year = {2006},
 pages = {397--399},
 publisher = {Elsevier B.V.}
} 

@inproceedings{coulom2007-eloRatingsOfMovePatternsGameOfGo,
  title={Computing elo ratings of move patterns in the game of go},
  author={Coulom, R{\'e}mi},
  booktitle={Computer games workshop},
  year={2007}
}

@ARTICLE{Cox1946,
  title = {Probability, frequency and reasonable expectation},
  author = {Cox, Richard T},
  journal = AmJPhys,
  volume = 14,
  number = 1,
  pages = {1--13},
  year = 1946,
  publisher = AAPT,
  doi = {10.1119/1.1990764},
  issn = "0002-9505",
}

@article{kramar2022-deepMindDiplomacy,
  title={Negotiation and honesty in artificial intelligence methods for the board game of Diplomacy},
  author={Kram{\'a}r, J{\'a}nos and Eccles, Tom and Gemp, Ian and Tacchetti, Andrea and McKee, Kevin R and Malinowski, Mateusz and Graepel, Thore and Bachrach, Yoram},
  journal={Nature Communications},
  volume={13},
  number={1},
  pages={1--15},
  year={2022},
  publisher={Nature Publishing Group}
}

@book{crandall2006-workingMinds,
  title={Working minds: A practitioner's guide to cognitive task analysis},
  author={Crandall, Beth and Klein, Gary A and Hoffman, Robert R},
  year={2006},
  publisher={Mit Press}
}

@article{Creanza2017,
  author = {Creanza, Nicole  and Kolodny, Oren  and Feldman, Marcus W. },
  title = {Greater than the sum of its parts? Modelling population contact and interaction of cultural repertoires},
  journal = {Journal of The Royal Society Interface},
  volume = {14},
  number = {130},
  pages = {20170171},
  year = {2017},
  doi = {10.1098/rsif.2017.0171},
  URL = {https://royalsocietypublishing.org/doi/abs/10.1098/rsif.2017.0171},
  eprint = {https://royalsocietypublishing.org/doi/pdf/10.1098/rsif.2017.0171}
}

@article{czegel2019-bayesianEvolution,
  title={Multilevel selection as Bayesian inference, major transitions in individuality as structure learning},
  author={Cz{\'e}gel, D{\'a}niel and Zachar, Istv{\'a}n and Szathm{\'a}ry, E{\"o}rs},
  journal={Royal Society open science},
  volume={6},
  number={8},
  pages={190202},
  year={2019},
  publisher={The Royal Society}
}

@article{czegel2022-bayesDarwin,
  title={Bayes and Darwin: How replicator populations implement Bayesian computations},
  author={Cz{\'e}gel, D{\'a}niel and Giaffar, Hamza and Tenenbaum, Joshua B and Szathm{\'a}ry, E{\"o}rs},
  journal={BioEssays},
  pages={2100255},
  year={2022},
  publisher={Wiley Online Library}
}

@article{dafoe2020-coopAI,
  title={Open problems in cooperative AI},
  author={Dafoe, Allan and Hughes, Edward and Bachrach, Yoram and Collins, Tantum and McKee, Kevin R and Leibo, Joel Z and Larson, Kate and Graepel, Thore},
  journal={DeepMind preprint (arXiv:2012.08630)},
  year={2020}
}

@misc{dafoe2021-coopAIcomment,
  title={Cooperative AI: machines must learn to find common ground},
  author={Dafoe, Allan and Bachrach, Yoram and Hadfield, Gillian and Horvitz, Eric and Larson, Kate and Graepel, Thore},
  year={2021},
  publisher={Nature Publishing Group}
}


@INPROCEEDINGS{Dangauthier2007,
    title = {TrueSkill Through Time: Revisiting the History of Chess},
    author = {Dangauthier, Pierre and Herbrich, Ralf and Minka, Tom and Graepel, Thore},
    editor = {Platt, John C. and Koller, Daphne and Singer, Yoram  and Roweis, Sam T.},
    booktitle = Proc # "of the Twenty-First Annual " # Conf # "on Neural Information Processing Systems",
    url = {https://proceedings.neurips.cc/paper/2007/file/9f53d83ec0691550f7d2507d57f4f5a2-Paper.pdf},
    pages = {337--344},
    year = 2007, 
    publisher = {Curran Associates, Inc.},
}

@book{davidson2018-bayesianForHackers,
  title={Bayesian methods for hackers: probabilistic programming and Bayesian inference},
  author={Davidson-Pilon, Cameron},
  year={2018},
  publisher={Addison-Wesley Professional},
}


@book{dawkins1976-selfish,
  title={The selfish gene},
  author={Dawkins, Richard},
  year={1976},
  publisher={Oxford university press}
}

@article{dean2012-identificationSocialAndCognitiveCumulativeCulture,
  title={Identification of the social and cognitive processes underlying human cumulative culture},
  author={Dean, Lewis G and Kendal, Rachel L and Schapiro, Steven J and Thierry, Bernard and Laland, Kevin N},
  journal={Science},
  volume={335},
  number={6072},
  pages={1114--1118},
  year={2012},
  publisher={American Association for the Advancement of Science}
}

@article{dean2014-humanCumulativeCulture,
  title={Human cumulative culture: a comparative perspective},
  author={Dean, Lewis G and Vale, Gill L and Laland, Kevin N and Flynn, Emma and Kendal, Rachel L},
  journal={Biological Reviews},
  volume={89},
  number={2},
  pages={284--301},
  year={2014},
  publisher={Wiley Online Library}
}

@inproceedings{deChoudhury2016-socialMediaActivist,
  title={Social Media Participation in an Activist Movement for Racial Equality.},
  author={De Choudhury, Munmun and Jhaver, Shagun and Sugar, Benjamin and Weber, Ingmar},
  booktitle={ICWSM},
  pages={92--101},
  year={2016}
}


@article{decuyper2010-teamLearningInOrganisations,
  title={Grasping the dynamic complexity of team learning: An integrative model for effective team learning in organisations},
  author={Decuyper, Stefan and Dochy, Filip and Van den Bossche, Piet},
  journal={Educational Research Review},
  volume={5},
  number={2},
  pages={111--133},
  year={2010},
  publisher={Elsevier}
}


@article {deerwester,
author = {Deerwester, Scott and Dumais, Susan T. and Furnas, George W. and Landauer, Thomas K. and Harshman, Richard},
title = {Indexing by latent semantic analysis},
journal = {Journal of the American Society for Information Science},
volume = {41},
number = {6},
publisher = {Wiley Subscription Services, Inc., A Wiley Company},
pages = {391-407},
year = {1990},
}


@article{deffner2020-dynamic,
  title={Dynamic social learning in temporally and spatially variable environments},
  author={Deffner, Dominik and Kleinow, Vivien and McElreath, Richard},
  journal={Royal Society open science},
  volume={7},
  number={12},
  pages={200734},
  year={2020},
  publisher={The Royal Society}
}


@phdthesis{deffner2021-thesis,
title = {{Social learning in structured populations: Theoretical and empirical approaches}},
author = {Deffner, Dominik},
language = {eng},
school = {Universit{\"a}t Leipzig},
address = {Leipzig},
year = {2021},
}

@book{deGroot1978-thoughtAndChoiceInChess,
   title =     {Thought and Choice in Chess},
   author =    {De Groot, Adriann},
   publisher = {Mouton De Gruyter},
   year =      {1978},
   series =    {Psychological Studies},
   edition =   {2nd}
}

@article{deisenroth2013-policySearchRobotics,
  title={A survey on policy search for robotics},
  author={Deisenroth, Marc Peter and Neumann, Gerhard and Peters, Jan and others},
  journal={Foundations and Trends{\textregistered} in Robotics},
  volume={2},
  number={1--2},
  pages={1--142},
  year=2013,
  publisher={Now Publishers, Inc.},
}

@book{deisenroth2020,
     title = {Mathematics for Machine Learning},
     author = {Deisenroth, Marc Peter and Faisal, A. Aldo and Ong, Cheng Soon},
     year = 2020,
     month = Feb,
     doi = {10.1017/9781108679930},
     publisher = {Cambridge University Press},
     isbn = {9781108679930},
}

@incollection{delong2011-teamskillModelingTeamChemistry,
year={2011},
isbn={978-3-642-20846-1},
booktitle={Advances in Knowledge Discovery and Data Mining},
volume={6635},
series={Lecture Notes in Computer Science},
editor={Huang, JoshuaZhexue and Cao, Longbing and Srivastava, Jaideep},
title={TeamSkill: Modeling Team Chemistry in Online Multi-player Games},
publisher={Springer Berlin Heidelberg},
author={DeLong, Colin and Pathak, Nishith and Erickson, Kendrick and Perrino, Eric and Shim, Kyong and Srivastava, Jaideep},
pages={519-531},
}

@misc{delong2013-phd_teamChemistry,
  title={Team chemistry: the missing link in skill assessment for teams},
  author={DeLong, Colin},
  year={2013},
  publisher={Retrieved from the University of Minnesota Digital Conservancy}
}


@inproceedings{dempster1955-geometricMean,
  title={Maintenance of genetic heterogeneity},
  author={Dempster, Everett R},
  booktitle={Cold Spring Harbor Symposia on Quantitative Biology},
  volume={20},
  pages={25--32},
  year={1955}
}


@article{denBoer1968-spreadingRisk,
  title={Spreading of risk and stabilization of animal numbers},
  author={Den Boer, Pieter J},
  journal={Acta biotheoretica},
  volume={18},
  number={1},
  pages={165--194},
  year={1968},
  publisher={Kluwer Academic Publishers}
}

@article{derex2013-experiment,
  title={Experimental evidence for the influence of group size on cultural complexity},
  author={Derex, Maxime and Beugin, Marie-Pauline and Godelle, Bernard and Raymond, Michel},
  journal={Nature},
  volume={503},
  number={7476},
  pages={389--391},
  year={2013},
  publisher={Nature Publishing Group}
}

@ARTICLE{Derex2015,
  title = {The foundations of the human cultural niche},
  author = {Derex, Maxime and Boyd, Robert},
  journal = NatComm,
  volume = 6,
  number = 1,
  pages = 8398,
  year = 2015,
  issn = "2041-1723",
  month = Sep,
  doi = "10.1038/ncomms9398",
  publisher = {Nature Publishing Group}
}

@article{derex2016-partialConnectivity,
  title={Partial connectivity increases cultural accumulation within groups},
  author={Derex, Maxime and Boyd, Robert},
  journal=PNAS,
  volume={113},
  number={11},
  pages={2982--2987},
  year={2016},
  publisher={National Acad Sciences}
}

@article{derex2018-divideAndConquer,
  title={Divide and conquer: intermediate levels of population fragmentation maximize cultural accumulation},
  author={Derex, Maxime and Perreault, Charles and Boyd, Robert},
  journal={Phil. Trans. R. Soc. B},
  volume={373},
  number={1743},
  pages={20170062},
  year={2018},
  publisher={The Royal Society}
}

@article{derex2018-causalUnderstandingIsNotNecessary,
  title={Causal understanding is not necessary for the improvement of culturally evolving technology},
  author={Derex, Maxime and Bonnefon, Jean-Fran{\c{c}}ois and Boyd, Robert and Mesoudi, Alex and Exeter, Penryn TR10},
  journal={PsyArXiv. September},
  volume={3},
  year={2018}
}

@ARTICLE{Derex2020,
  title = {Cumulative Cultural Evolution within Evolving Population Structures},
  author = {Derex, Maxime and Mesoudi, Alex},
  journal = TrendsCognSci,
  year = 2020,
  doi = "10.1016/j.tics.2020.04.005",
  volume = "24",
  number = "8",
  pages = "654--667",
  issn = "1364-6613",
}

@article{derex2022-exploitation,
  title={Human cumulative culture and the exploitation of natural phenomena},
  author={Derex, Maxime},
  journal={Philosophical Transactions of the Royal Society B},
  volume={377},
  number={1843},
  pages={20200311},
  year={2022},
  publisher={The Royal Society}
}


@article{dindo2008-socialDiffusionForagingCebusApella,
  title={Social diffusion of novel foraging methods in brown capuchin monkeys (Cebus apella)},
  author={Dindo, Marietta and Thierry, Bernard and Whiten, Andrew},
  journal={Proceedings of the Royal Society of London B: Biological Sciences},
  volume={275},
  number={1631},
  pages={187--193},
  year={2008},
  publisher={The Royal Society}
}

@inproceedings{dragan2013-predictabilityRobotMotion,
  title={Legibility and predictability of robot motion},
  author={Dragan, Anca D and Lee, Kenton CT and Srinivasa, Siddhartha S},
  booktitle={2013 8th ACM/IEEE International Conference on Human-Robot Interaction (HRI)},
  pages={301--308},
  year=2013,
  organization={IEEE}
}


@article{dunbar1993-coevolutionNeocorticalSizeGroupSizeAndLanguage,
  title={Coevolution of neocortical size, group size and language in humans},
  author={Dunbar, Robin IM},
  journal={Behavioral and brain sciences},
  volume={16},
  number={04},
  pages={681--694},
  year={1993},
  publisher={Cambridge Univ Press}
}


@book{durbin,
    author    = "Richard M. Durbin and Sean R. Eddy and Anders Krogh and Graeme Mitchison",
    title     = "Biological Sequence Analysis: Probabilistic Models of Proteins and Nucleic Acids",
    year      = "1998",
    publisher = "Cambridge University Press",
    address   = "Cambridge"
}

@article{durham1976-adaptiveCultural,
  title={The adaptive significance of cultural behavior},
  author={Durham, William H},
  journal={Human Ecology},
  volume={4},
  number={2},
  pages={89--121},
  year={1976},
  publisher={Springer}
}


@book{Durkheim1893,
    author    = "\'Emile Durkheim",
    title     = "La divisi\'on del trabajo social",
    year      = "1893",
    isbn      = "987-1150-16-4", 
    publisher = "Libertado",
    address   = "Argentina"
}

@book{dussel1992-encubrimiento,
  title={El Encubrimiento Del Otro},
  author={Dussel, Enrique},
  year={1992},
  publisher={Ediciones Antropos}
}

@inproceedings{dussel2004-sistemaMundo,
  title={Sistema mundo y transmodernidad},
  author={Dussel, Enrique},
  booktitle={Modernidades coloniales},
  pages={201--226},
  year={2004},
  publisher={El Colegio de M{\'e}xico M{\'e}xico DF}
}

@book{dussel2007,
  title={Pol\'itica de la liberaci\'on: historia mundial y cr\'itica},
  author={Dussel, Enrique},
  year={2007},
  publisher={Trotta}
}


@book{dussel2020-primerDebate,
  title={El primer debate filos{\'o}fico de la modernidad},
  author={Dussel, Entique},
  year={2020},
  publisher={CLACSO},
  url={https://www.clacso.org/wp-content/uploads/2020/10/El-primer-debate.pdf}
}

@misc{dyatlov2010-basicMatrixOperations,
  title = {Properties of matrix operations},
  author = {Dyatlov, Semyon},
  year = 2010,
  publisher = {Massachusetts Institute of Technology},
}

@article{efferson2007-prosocialityEconomicExperiments,
  title={New methods in quantitative ethnography: Economic Experiments and Variation in the Price of Equality},
  author={Efferson, Charles and Takezawa, Masanori and McElreath, Richard},
  journal={Current Anthropology},
  volume={48},
  number={6},
  pages={912--919},
  year={2007},
  publisher={JSTOR}
}

@article{efferson2007-learningCulturalTransmissionBolivia,
  title={Learning, productivity, and noise: an experimental study of cultural transmission on the Bolivian Altiplano},
  author={Efferson, Charles and Richerson, Peter J and McElreath, Richard and Lubell, Mark and Edsten, Ed and Waring, Timothy M and Paciotti, Brian and Baum, William},
  journal={Evolution and Human Behavior},
  volume={28},
  number={1},
  pages={11--17},
  year={2007},
  publisher={Elsevier}
}

@article{efferson2008-empiricsOfFrequencyDependentCulturalTransmission,
  title={Conformists and mavericks: the empirics of frequency-dependent cultural transmission},
  author={Efferson, Charles and Lalive, Rafael and Richerson, Peter J and McElreath, Richard and Lubell, Mark},
  journal={Evolution and Human Behavior},
  volume={29},
  number={1},
  pages={56--64},
  year={2008},
  publisher={Elsevier}
}


@article{eagle2009-inferringFriendshipByUseMobilePhone,
  title={Inferring friendship network structure by using mobile phone data},
  author={Eagle, Nathan and Pentland, Alex Sandy and Lazer, David},
  journal=PNAS,
  volume={106},
  number={36},
  pages={15274--15278},
  year={2009},
  publisher={National Acad Sciences}
}

@book{edgerton1971-ehtnography,
  title={The individual in cultural adaptation: A study of four East African peoples},
  author={Edgerton, Robert B},
  year={1971},
  publisher={University of California Press}
}

@book{elo1961-uscf,
  title={The USCF rating system},
  author={Elo, Arpad E},
  year={1961},
 publisher={U.S.  Chess Federation   publication}
}

@book{elo1978-pastPresent,
  title={The rating of chessplayers, past and present},
  author={Elo, Arpad E},
  year={1978},
  publisher={Arco Pub.}
}

@BOOK{Elo2008,
  title = {The Rating of Chess Players, Past and Present},
  author = {Elo, Arpad E},
  publisher = {Ishi Press}, 
  month = May,
  year = {2008},
  ISBN = {978-0-923891-27-7},
  note = "Originally published in 1978",
  numpages = 220,
}

@misc{elo_fide,
  author = {{World Chess Federation}},
  title = {{F.I.D.E.} Rating Regulations effective from 1 July 2014},
  howpublished = {\url{http://www.fide.com/fide/handbook.html?id=172&view=article}},
  note = {Last accessed on: \today}
}

@misc{elo_mp,
  author = {Srdack},
  title = {Generalizing the ELO Rating System for Multiple Players},
  year = {2008},
  month = {06},
  howpublished = {\url{http://sradack.blogspot.com.ar/2008/06/elo-rating-system-multiple-players.html}},
  note = {Accessed: 2016-07-12}
}

@book{endicott2008-ethnography,
  title={The headman was a woman: The gender egalitarian Batek of Malaysia},
  author={Endicott, Kirk M and Endicott, Karen Lampell},
  year={2008},
  publisher={Waveland Pr Inc}
}

@article{engel2018-integratedInformation,
  title={Integrated information as a metric for group interaction},
  author={Engel, David and Malone, Thomas W},
  journal={PloS one},
  volume={13},
  number={10},
  pages={e0205335},
  year={2018},
  publisher={Public Library of Science}
}

@article{enzenberger2010-openSourceGoEngineMonteCarloTreeSearch,
  title={Fuegoâan open-source framework for board games and Go engine based on Monte Carlo tree search},
  author={Enzenberger, Markus and Muller, Martin and Arneson, Broderick and Segal, Richard},
  journal={IEEE Transactions on Computational Intelligence and AI in Games},
  volume={2},
  number={4},
  pages={259--270},
  year={2010},
  publisher={IEEE}
}


@INPROCEEDINGS{Ester96,
    author = {Martin Ester and Hans-peter Kriegel and JÃ¶rg S and Xiaowei Xu},
    title = {A density-based algorithm for discovering clusters in large spatial databases with noise},
    BOOKTITLE = {KDD'96},
    year = {1996},
    pages = {226--231},
    publisher = {AAAI Press}
}

@article{Estrada2009,
	title = {Communicability betweenness in complex networks},
	volume = {388},
	issn = {03784371},
	url = {https://linkinghub.elsevier.com/retrieve/pii/S0378437108009473},
	doi = {10.1016/j.physa.2008.11.011},
	language = {en},
	number = {5},
	urldate = {2021-02-21},
	journal = {Physica A: Statistical Mechanics and its Applications},
	author = {Estrada, Ernesto and Higham, Desmond J. and Hatano, Naomichi},
	month = mar,
	year = {2009},
	pages = {764--774},
}


@article{fay2019-experiment,
  title={Increasing population size can inhibit cumulative cultural evolution},
  author={Fay, Nicolas and De Kleine, Naomi and Walker, Bradley and Caldwell, Christine A},
  journal=PNAS,
  volume={116},
  number={14},
  pages={6726--6731},
  year={2019},
  publisher={National Acad Sciences}
}

@book{ferguson2014-gameTheory,
    author    = "Ferguson, Thomas S ",
    title     = "Game Theory",
    year      = "2014",
    publisher = "University of California at Los Angeles (UCLA)",
    address   = "California"
}

@article{fehr2003nature,
  title={The nature of human altruism},
  author={Fehr, Ernst and Fischbacher, Urs},
  journal={Nature},
  volume={425},
  number={6960},
  pages={785--791},
  year={2003},
  publisher={Nature Publishing Group}
}

@article{feldman1996-individualVsSocialLearningEvolutionaryAnalysis,
  title={Individual versus social learning: evolutionary analysis in a fluctuating environment},
  author={Feldman, Marcus W and Aoki, Kenichi and Kumm, Jochen},
  journal={Anthropological Science},
  volume={104},
  number={3},
  pages={209--231},
  year={1996},
  publisher={The Anthropological Society of Nippon}
}

@article{fenner2019-dataRepositories,
  title={A data citation roadmap for scholarly data repositories},
  author={Fenner, Martin and Crosas, Merc{\`e} and Grethe, Jeffrey S and Kennedy, David and Hermjakob, Henning and Rocca-Serra, Phillippe and Durand, Gustavo and Berjon, Robin and Karcher, Sebastian and Martone, Maryann and others},
  journal={Scientific data},
  volume={6},
  number={1},
  pages={1--9},
  year={2019},
  publisher={Nature Publishing Group},
}

@incollection{feskens2019-IRT_PISA,
  title={Differential Item Functioning in PISA Due to Mode Effects},
  author={Feskens, Remco and Fox, Jean-Paul and Zwitser, Robert},
  booktitle={Theoretical and Practical Advances in Computer-based Educational Measurement},
  pages={231--247},
  year={2019},
  publisher={Springer},
}

@inproceedings{finn2016-deepInverseOptimalControl,
  title={Guided cost learning: Deep inverse optimal control via policy optimization},
  author={Finn, Chelsea and Levine, Sergey and Abbeel, Pieter},
  booktitle={International conference on machine learning},
  pages={49--58},
  year={2016},
}

@article{firth2019-animalNetworksContagions,
  title={Considering complexity: animal social networks and behavioural contagions},
  author={Firth, Josh A},
  journal={Trends in Ecology \& Evolution},
  year={2019},
  publisher={Elsevier},
}

@book{fisher1930-geneticalTheoryNaturalSelection,
  title={The genetical theory of natural selection: a complete variorum edition},
  author={Fisher, Ronald Aylmer},
  year={1930},
  publisher={Oxford University Press}
}


@article{florian2000,
year={2000},
issn={1434-6028},
journal={The European Physical Journal B - Condensed Matter and Complex Systems},
volume={16},
number={1},
title={Optimizing conflicts in the formation of strategic alliances},
publisher={EDP Sciences},
author={Florian, R. and Galam, S.},
pages={189-194},
}

@article{flynn2010-experiment,
  title={Studying childrenâs social learning experimentally ``in the wild''},
  author={Flynn, Emma and Whiten, Andrew},
  journal={Learning \& Behavior},
  volume={38},
  number={3},
  pages={284--296},
  year={2010},
  publisher={Springer}
}

@article{fogel2015-becomeAnExpertSleep,
  title={How to become an expert: A new perspective on the role of sleep in the mastery of procedural skills},
  author={Fogel, Stuart M and Ray, Laura B and Binnie, Lauren and Owen, Adrian M},
  journal={Neurobiology of learning and memory},
  volume={125},
  pages={236--248},
  year={2015},
  publisher={Elsevier}
}

@BOOK{Fox2010,
  title = {Bayesian item response modeling: Theory and applications},
  author = {Fox, Jean-Paul},
  year = 2010,
  publisher = Springer,
  doi = {10.1007/978-1-4419-0742-4},
  series = "Statistics for Social and Behavioral Sciences",
  isbn = {978-1-4419-0741-7},
}

@book{fragaszy2008-biologyOfTraditions,
  title={The biology of traditions: models and evidence},
  author={Fragaszy, Dorothy M and Perry, Susan},
  year={2008},
  publisher={Cambridge University Press}
}

@book{frank1998-foundationsSocialEvolution,
  title={Foundations of social evolution},
  author={Frank, Steven A},
  year={1998},
  publisher={Princeton University Press}
}



@book{friedman2001-elementsOfStatisticalLearning,
  title={The elements of statistical learning},
  author={Friedman, Jerome and Hastie, Trevor and Tibshirani, Robert},
  volume={1},
  year={2001},
  publisher={Springer series in statistics New York}
}


@article{fuchs2014-wealth,
  title={Behavioral and network origins of wealth inequality: Insights from a virtual world},
  author={Fuchs, Benedikt and Thurner, Stefan},
  journal={PloS one},
  volume={9},
  number={8},
  pages={e103503},
  year={2014},
  publisher={Public Library of Science}
}


@ARTICLE{fuchs2014b,
  author = {Fuchs, B.~ and Sornette, D.~ and Thurner, S.~},
  title = {Fractal multi-level organisation of human groups in a virtual world},
  journal = {in review},
  year = {2014},
}

@inproceedings{fuggetta2014-softwareProcess,
  title={Software process},
  author={Fuggetta, Alfonso and Di Nitto, Elisabetta},
  booktitle={Proceedings of the on Future of Software Engineering},
  pages={1--12},
  year={2014},
  organization={ACM}
}

@inproceedings{gal2004-learningSocialPreferencesInGames,
  title={Learning social preferences in games},
  author={Gal, Yaâakov and Pfeffer, Avi and Marzo, Francesca and Grosz, Barbara J},
  booktitle={Proceedings of the National Conference on Artificial Intelligence},
  pages={226--231},
  year={2004},
  organization={Menlo Park, CA; Cambridge, MA; London; AAAI Press; MIT Press; 1999}
}


@incollection{galef1988-imitationInAnimals,
    author    = {Galef, Bennett G},
    title     = {Imitation in animals: History, definitions, an interpretation of data from the psychological laboratory},
    pages     = {1-28},
    year      = {1988},
    editor    = {Zentall, Thomas R and Galef, Bennett G},
    booktitle = {Social learning: A biopsychological approach}, 
    publisher = {Lawerence erlbaum},
    address   = {Hillsdale, NJ} 
}

@article{galefBennett1976,
  author = {Galef, Bennett G},
  title = {Social transmission of acquired behavior: A discussion of tradition and social learning in vertebrates},
  journal = AdvStudBehav,
  volume = {6},
  year = {1976},
  pages = {77-100},
  publisher = {Academic Press},
  address = {New York},
} 

@article{galef2009-strategiesOfSocialLearning,
  title={Strategies for social learning: testing predictions from formal theory},
  author={Galef, Bennett G},
  journal=AdvStudBehav,
  volume={39},
  pages={117--151},
  year={2009},
  publisher={Elsevier}
}

@article{galef2010-animalLearningByImitation,
  title={Animal traditions: experimental evidence of learning by imitation in an unlikely animal},
  author={Galef, Bennett G},
  journal={Current Biology},
  volume={20},
  number={13},
  pages={R555--R556},
  year={2010},
  publisher={Elsevier}
}

@article{gallo1965-cooperativeCompetitiveGames,
  title={Cooperative and competitive behavior in mixed-motive games},
  author={Gallo Jr, Philip S and McClintock, Charles G},
  journal={Journal of Conflict Resolution},
  volume={9},
  number={1},
  pages={68--78},
  year={1965},
  publisher={Sage Publications Sage CA: Thousand Oaks, CA}
}

@article{gardner2019-optimalityDecisionTheory,
  title={Optimality and heuristics in perceptual neuroscience},
  author={Gardner, Justin L},
  journal={Nature neuroscience},
  volume={22},
  number={4},
  pages={514--523},
  year={2019},
  publisher={Nature Publishing Group},
}

@ARTICLE{Gariepy2014,
  title = {Social learning in humans and other animals},
  author = {Gari\'epy, Jean-Fran\c{c}ois and Watson, Karli K and Du, Emily and Xie, Diana L and Erb, Joshua and Amasino, Dianna and Platt, Michael L},
  journal = FrontNeurosci,
  volume = 8,
  number = 58,
  year = 2014,
  month = Mar,
  publisher = {Frontiers Media SA},
  doi = "10.3389/fnins.2014.00058"
}


@book{gelman2013-bayesianDataAnalysis,
  title={Bayesian data analysis},
  author={Gelman, Andrew and Stern, Hal S and Carlin, John B and Dunson, David B and Vehtari, Aki and Rubin, Donald B},
  year={2013},
  publisher={Chapman and Hall/CRC}
}


@article{gerard1956-culturalEvolution,
  title={Biological and cultural evolution some analogies and explorations},
  author={Gerard, RW and Kluckhohn, Clyde and Rapoport, Anatol},
  journal={Behavioral Science},
  volume={1},
  number={1},
  pages={6--34},
  year={1956},
  publisher={Wiley Online Library}
}

@thesis{gerlach2005-wuwei,
  title={Wu-Wei in Europe. A study of Eurasian economic thought},
  author={Gerlach, Christian},
  year={2005},
  publisher={Department of Economic History, London School of Economics and Political Science}
}

@article{gershman2012-tutorialBayesianNonparametric,
  title={A tutorial on Bayesian nonparametric models},
  author={Gershman, Samuel J and Blei, David M},
  journal={Journal of Mathematical Psychology},
  volume={56},
  number={1},
  pages={1--12},
  year={2012},
  publisher={Elsevier}
}

@article{gershman2015-computationalRationality,
  title={Computational rationality: A converging paradigm for intelligence in brains, minds, and machines},
  author={Gershman, Samuel J and Horvitz, Eric J and Tenenbaum, Joshua B},
  journal={Science},
  volume={349},
  number={6245},
  pages={273--278},
  year={2015},
  publisher={American Association for the Advancement of Science},
  doi={10.1126/science.aac6076}
}

@article{gershman2018-humanAlgorithmsForExploration,
  title={Deconstructing the human algorithms for exploration},
  author={Gershman, Samuel J},
  journal={Cognition},
  volume={173},
  pages={34--42},
  year={2018},
  publisher={Elsevier}
}

@article{gershman2019-freeEnergyPrinciple,
  title={What does the free energy principle tell us about the brain?},
  author={Gershman, Samuel J},
  journal={arXiv preprint arXiv:1901.07945},
  year={2019}
}

@article{Ghanem2019,
	title = {Centrality {Metrics} in {Dynamic} {Networks}: {A} {Comparison} {Study}},
	volume = {6},
	issn = {2327-4697, 2334-329X},
	shorttitle = {Centrality {Metrics} in {Dynamic} {Networks}},
	url = {https://ieeexplore.ieee.org/document/8528548/},
	doi = {10.1109/TNSE.2018.2880344},
	number = {4},
	urldate = {2021-02-21},
	journal = {IEEE Transactions on Network Science and Engineering},
	author = {Ghanem, Marwan and Magnien, Clemence and Tarissan, Fabien},
	month = oct,
	year = {2019},
	pages = {940--951},
}

@article{gigerenzer2011-heuristicDecisionMaking,
  title={Heuristic decision making},
  author={Gigerenzer, Gerd and Gaissmaier, Wolfgang},
  journal={Annual review of psychology},
  volume={62},
  pages={451--482},
  year={2011},
  publisher={Annual Reviews}
}


@article{ginelli2015-collectiveDynamicsSheepHerds,
  title={Intermittent collective dynamics emerge from conflicting imperatives in sheep herds},
  author={Ginelli, Francesco and Peruani, Fernando and Pillot, Marie-Hel{\`e}ne and Chat{\'e}, Hugues and Theraulaz, Guy and Bon, Richard},
  journal=PNAS,
  volume={112},
  number={41},
  pages={12729--12734},
  year={2015},
  publisher=NAS,
}

@article{giraldeau2002-potentialDisadvantagesSocialLearning,
  title={Potential disadvantages of using socially acquired information},
  author={Giraldeau, Luc--Alain and Valone, Thomas J and Templeton, Jennifer J},
  journal={Philosophical Transactions of the Royal Society of London B: Biological Sciences},
  volume={357},
  number={1427},
  pages={1559--1566},
  year={2002},
  publisher={The Royal Society}
}


@ARTICLE{glickman1995-guideToChessRatings,
title = {A comprehensive guide to chess ratings},
author = {Glickman, Mark},
year = {1995},
journal = {American Chess Journal},
volume = {3},
pages = {59--102}
}

@ARTICLE{Glickman1999,
    author = {Glickman, Mark E.},
    title = {Parameter Estimation in Large Dynamic Paired Comparison Experiments},
    journal = JRoyStatSocCApp,
    year = 1999,
    volume = 48,
    pages = {377--394},
    doi = {10.1111/1467-9876.00159},
    number = 3,
    issn = "1467-9876",
}

@misc{glikman_gliko,
  author = {Glickman, Mark},
  title = {The Gliko System},
  howpublished = {\url{http://www.glicko.net/glicko/glicko.pdf}},
  note = {Accessed: \today}
}

@MISC{Glikman2013,
  author = {Glickman, Mark},
  title = {Example of the Glicko-2 System},
  year = 2013,
  month = 11,
  howpublished = {\url{http://www.glicko.net/glicko/glicko2.pdf}},
  note = {Accessed: \today}
}

@ARTICLE{glickman2001,
title = {Dynamic paired comparison models with stochastic variances},
author = {Glickman, Mark},
year = {2001},
journal = {Journal of Applied Statistics},
volume = {28},
number = {6},
pages = {673-689},
}

@incollection{glickman2013-zermelo1928,
  title={Introductory note to 1928 (= 1929)},
  author={Glickman, Mark E},
  booktitle={Ernst Zermelo-collected works/gesammelte werke II},
  pages={616--671},
  year={2013},
  publisher={Springer}
}

@ARTICLE{Glowacki2017,
  title = {Subsistence styles shape human social learning strategies},
  author = {Glowacki, Luke and Molleman, Lucas},
  year = 2017,
  month = Apr,
  journal = NatHumBehav,
  volume = 1,
  number = 5,
  pages = 0098,
  doi = "10.1038/s41562-017-0098",
  issn = "2397-3374",
}


@article{gobet2001-chunkingMechanismsHumanLearning,
  title={Chunking mechanisms in human learning},
  author={Gobet, Fernand and Lane, Peter CR and Croker, Steve and Cheng, Peter CH and Jones, Gary and Oliver, Iain and Pine, Julian M},
  journal={Trends in cognitive sciences},
  volume={5},
  number={6},
  pages={236--243},
  year={2001},
  publisher={Elsevier}
}

@article{Goh,
  author={Goh, K. I. and Barab\'asi, A. L.},
  title={Burstiness and spreading on temporal networks},
  journal={The European Physical Journal B},
  volume={86},
  number={7},
  year={2013}
}

@article{Goh2001,
	title = {Universal {Behavior} of {Load} {Distribution} in {Scale}-{Free} {Networks}},
	volume = {87},
	issn = {0031-9007, 1079-7114},
	url = {https://link.aps.org/doi/10.1103/PhysRevLett.87.278701},
	doi = {10.1103/PhysRevLett.87.278701},
	language = {en},
	number = {27},
	urldate = {2021-02-21},
	journal = {Physical Review Letters},
	author = {Goh, K.-I. and Kahng, B. and Kim, D.},
	month = dec,
	year = {2001},
	pages = {278701},
}


@book{good1983-goodThinking,
  title={Good thinking: The foundations of probability and its applications},
  author={Good, Irving John},
  year={1983},
  publisher={University of Minnesota Press},
}

@book{goodale1971-ethnography,
  title={Tiwi wives: A study of the women of Melville Island, North Australia},
  author={Goodale, Jane Carter},
  year={1971},
  publisher={University of Washington Press}
}

@incollection{goodfellow2014-generativeAdversarialNets,
title = {Generative Adversarial Nets},
author = {Goodfellow, Ian and Pouget-Abadie, Jean and Mirza, Mehdi and Xu, Bing and Warde-Farley, David and Ozair, Sherjil and Courville, Aaron and Bengio, Yoshua},
booktitle = {Advances in Neural Information Processing Systems 27},
editor = {Z. Ghahramani and M. Welling and C. Cortes and N. D. Lawrence and K. Q. Weinberger},
pages = {2672--2680},
year = {2014},
publisher = {Curran Associates, Inc.}
}

@ARTICLE{GonzalezForero2018,
  title = {Inference of ecological and social drivers of human brain-size evolution},
  author = {Gonz{\'a}lez-Forero, Mauricio and Gardner, Andy},
  journal = {Nature},
  volume = 557,
  number = 7706,
  pages = {554--557},
  year = 2018,
  month = May,
  publisher = {Nature Publishing Group},
  doi = "10.1038/s41586-018-0127-x",
  issn = "1476-4687",
}

@article{gorter2019-MedicalIRT,
  title={Latent growth modeling of IRT versus CTT measured longitudinal latent variables},
  author={Gorter, R and Fox, JP and Riet, G Ter and Heymans, MW and Twisk, JWR},
  journal={Statistical methods in medical research},
  year={2019},
  publisher={SAGE Publications Sage UK: London, England},
}

@ARTICLE{Grabowski2007,
  author = {Grabowski, Andrzej and Kruszewska, Natalia},
  title = {EXPERIMENTAL STUDY OF THE STRUCTURE OF A SOCIAL NETWORK AND HUMAN DYNAMICS IN A VIRTUAL SOCIETY},
  journal = {International Journal of Modern Physics C},
  volume = {18},
  number = {10},
  pages = {1527-1535},
  year = {2007}
}

@article{Grabowski2007-interactionsLargeSocialNetwork ,
title = "Interpersonal interactions and human dynamics in a large social network ",
journal = "Physica A: Statistical Mechanics and its Applications ",
volume = "385",
number = "1",
pages = "363 - 369",
year = "2007",
author = "Andrzej Grabowski",
}

@article{Grabowski2008,
  title = {Dynamic phenomena and human activity in an artificial society},
  author = {Grabowski, A. and Kruszewska, N. and Kosi\ifmmode \acute{n}\else \'{n}\fi{}ski, R. A.},
  journal = {Phys. Rev. E},
  volume = {78},
  issue = {6},
  pages = {066110},
  numpages = {10},
  year = {2008},
  month = {Dec},
  publisher = {American Physical Society}
}

@article{Grabowski2008-propertiesOfOnLineSocialSystems,
title={Properties of on-line social systems},
year={2008},
journal={The European Physical Journal B},
volume={66},
number={1},
publisher={Springer-Verlag},
author={Grabowski, A. and Kruszewska, N. and KosiÅski, R. A.},
pages={107-113},
}

@article{Grabowski2008c,
  title = {The SIRS Model of Epidemic Spreading in Virtual Society},
  author = {Grabowski, A. and Kosi\ifmmode \acute{n}\else \'{n}\fi{}ski, R. A.},
  journal = {ACTA PHYSICA POLONICA SERIES A},
  volume = {114},
  issue = {3},
  pages = {589-596 },
  year = {2008}
}

@ARTICLE{Grabowski2009-opinionFormationInSocialNetwork,
  title = "Opinion formation in a social network: The role of human activity ",
  journal = "Physica A: Statistical Mechanics and its Applications",
  volume = "388",
  number = "6",
  pages = "961 - 966",
  year = "2009",
  author = "Andrzej Grabowski",
}

@article{grafen1985-geometricRelatedness,
  title={A geometric view of relatedness},
  author={Grafen, Alan},
  journal={Oxford surveys in evolutionary biology},
  volume={2},
  number={2},
  year={1985}
}

@inproceedings{graepel2010-bayesianClick,
  title={Web-scale bayesian click-through rate prediction for sponsored search advertising in microsoft's bing search engine},
  author={Graepel, Thore and Candela, Joaquin Quinonero and Borchert, Thomas and Herbrich, Ralf},
  year={2010},
  organization={Omnipress},
}

@article{Granovetter1973,
  title = {The Strength of Weak Ties},
  author = {Granovetter, Mark S.},
  journal = {American Journal of Sociology},
  volume = {78},
  number = {6},
  jstor_formatteddate = {May, 1973},
  pages = {pp. 1360-1380},
  ISSN = {00029602},
  language = {English},
  year = {1973},
  publisher = {The University of Chicago Press},
  copyright = {Copyright Â© 1973 The University of Chicago Press},
}

@mastersthesis{grigoropoulos2014-minorityGameSocialLearning,
  title={The Minority Game: Individual and Social Learning},
  author={Grigoropoulos, Stathis},
  school={},
  year={2014}
}



@article{grinberg2019-fakeNewsTwitter2016USElection,
  title={Fake news on Twitter during the 2016 US presidential election},
  author={Grinberg, Nir and Joseph, Kenneth and Friedland, Lisa and Swire-Thompson, Briony and Lazer, David},
  journal={Science},
  volume={363},
  number={6425},
  pages={374--378},
  year={2019},
  publisher={American Association for the Advancement of Science}
}


@book{gross2005-graphTheoryAndItsApplications,
  title={Graph theory and its applications},
  author={Gross, Jonathan L and Yellen, Jay},
  year={2005},
  publisher={CRC press}
}


@article{Guha98,
 author = {Guha, Sudipto and Rastogi, Rajeev and Shim, Kyuseok},
 title = {CURE: An Efficient Clustering Algorithm for Large Databases},
 journal = {SIGMOD Rec.},
 issue_date = {June 1998},
 volume = {27},
 number = {2},
 month = jun,
 year = {1998},
 issn = {0163-5808},
 pages = {73--84},
 publisher = {ACM},
 address = {New York, NY, USA},
} 

@article{Guha99,
title = "Rock: A robust clustering algorithm for categorical attributes ",
journal = "Information Systems ",
volume = "25",
number = "5",
pages = "345 - 366",
year = "2000",
author = "Sudipto Guha and Rajeev Rastogi and Kyuseok Shim",
}

@Inbook{Gull1988,
    author="Gull, Stephen F.",
    title="Bayesian Inductive Inference and Maximum Entropy",
    bookTitle="Maximum-Entropy and Bayesian Methods in Science and Engineering: Foundations",
    year="1988",
    publisher="Springer Netherlands",
    pages="53--74",
    isbn="978-94-009-3049-0",
    doi="10.1007/978-94-009-3049-0_4",
    url="https://doi.org/10.1007/978-94-009-3049-0_4"
}

@INPROCEEDINGS{Guo2012,
    title = {Score-Based Bayesian Skill Learning},
    author = {Guo, Shengbo and Sanner, Scott and Graepel, Thore and Buntine, Wray},
    booktitle = Proc # "of the Joint European " # Conf # " on Machine Learning and Knowledge Discovery in Databases (ECML PKDD)",
    editor = "Flach, Peter A. and De Bie, Tijl and Cristianini, Nello",
    pages = {106--121},
    year = 2012,
    publisher = Springer,
    address = "Berlin, Heidelberg",
    isbn = "978-3-642-33460-3",
    doi = "10.1007/978-3-642-33460-3_12",
    volume = 7523,
    series = "Lecture Notes in Computer Science",
}

@article{haaland2020-generalistsVsSpecialist,
  title={Generalists versus specialists in fluctuating environments: a bet-hedging perspective},
  author={Haaland, Thomas Ray and Wright, Jonathan and Ratikainen, Irja Ida},
  journal={Oikos},
  year={2020},
  publisher={Wiley Online Library},
}

@incollection{hadfieldMenell2016-cooperativeIRL,
  title = {Cooperative Inverse Reinforcement Learning},
  author = {Hadfield-Menell, Dylan and Russell, Stuart J and Abbeel, Pieter and Dragan, Anca},
  booktitle = {Advances in Neural Information Processing Systems 29},
  editor = {D. D. Lee and M. Sugiyama and U. V. Luxburg and I. Guyon and R. Garnett},
  pages = {3909--3917},
  year = {2016},
  publisher = {Curran Associates, Inc.},
}

@article{hagberg2020-networkx,
  title={NetworkX: Network Analysis with Python},
  author={Hagberg, Aric and Conway, Drew},
  journal={URL: https://networkx.github.io},
  year={2020}
}

@article{halpern1999-counterExampleCoxTheorem,
  title={A counter example to theorems of Cox and Fine},
  author={Halpern, Joseph Y},
  journal={Journal of Artificial Intelligence Research},
  volume={10},
  pages={67--85},
  year={1999},
}

@article{halpern1999-coxTheoremRevisited,
  title={Cox's Theorem revisited},
  author={Halpern, Joseph Y},
  journal={Journal of Artificial Intelligence Research},
  volume={11},
  pages={429--435},
  year={1999},
}


@book{halpern2017-RAU2,
  title={Reasoning about uncertainty},
  author={Halpern, Joseph Y},
  year={2017},
  edition={2nd},
  publisher={MIT press}
}


@book{hambleton1991-fundamentalsOfIRT,
   title =     {Fundamentals of Item Response Theory (Measurement Methods for the Social Science)},
   author =    {Ronald K. Hambleton},
   publisher = {Sage Publications, Inc},
   year =      {1991},
}

@article{hamilton1963-altruisticBehavior,
  title={The evolution of altruistic behavior},
  author={Hamilton, William D},
  journal={The American Naturalist},
  volume={97},
  number={896},
  pages={354--356},
  year={1963},
  publisher={Science Press}
}

@article{hamilton1964-geneticalEvolutionOfSocialBehaviour,
  title={The genetical evolution of social behaviour. I, II},
  author={Hamilton, William D},
  journal={Journal of theoretical biology},
  volume={7},
  number={1},
  pages={1--52},
  year={1964},
  publisher={Elsevier}
}

@article{hamilton1967-sexRatios,
  title={Extraordinary sex ratios},
  author={Hamilton, William D},
  journal={Science},
  volume={156},
  number={3774},
  pages={477--488},
  year={1967},
  publisher={Citeseer}
}

@article{Harary1997,
	title = {Dynamic Graph Models},
	volume = {25},
	issn = {08957177},
	url = {https://linkinghub.elsevier.com/retrieve/pii/S0895717797000502},
	doi = {10.1016/S0895-7177(97)00050-2},
	language = {en},
	number = {7},
	urldate = {2021-02-15},
	journal = {Mathematical and Computer Modelling},
	author = {Harary, F. and Gupta, G.},
	month = apr,
	year = {1997},
	pages = {79--87},
}


@article{hardin1971-collectiveAsPrisionerDilema,
  title={Collective action as an agreeable n-prisoners' dilemma},
  author={Hardin, Russell},
  journal={Behavioral science},
  volume={16},
  number={5},
  pages={472--481},
  year={1971},
  publisher={Wiley Online Library}
}

@article{harper2009-replicatorAsInference,
  title={The replicator equation as an inference dynamic},
  author={Harper, Marc},
  journal={arXiv preprint arXiv:0911.1763},
  year={2009}
}

@book{hastie,
    author    = "Hastie, Trevor and Tibshirani, Robert and Friedman, Jerome",
    title     = "The elements of statistical learning: Data mining, inference, and prediction. Second edition",
    isbn      = "9780387848570",
    year      = "2009",
    publisher = "Springer",
    address   = "Stanford"
}

@article{hay2014-selectingComputations,
  title={Selecting computations: Theory and applications},
  author={Hay, Nicholas and Russell, Stuart and Tolpin, David and Shimony, Solomon Eyal},
  journal={arXiv preprint arXiv:1408.2048},
  year={2014}
}


@article{henrich2001-adoptionDynamics,
  title={Cultural transmission and the diffusion of innovations: Adoption dynamics indicate that biased cultural transmission is the predominate force in behavioral change},
  author={Henrich, Joseph},
  journal={American Anthropologist},
  volume={103},
  number={4},
  pages={992--1013},
  year={2001},
  publisher={Wiley Online Library}
}


@article{henrich2001-eco15Soc,
  title={In search of homo economicus: behavioral experiments in 15 small-scale societies},
  author={Henrich, Joseph and Boyd, Robert and Bowles, Samuel and Camerer, Colin and Fehr, Ernst and Gintis, Herbert and McElreath, Richard},
  journal={The American Economic Review},
  volume={91},
  number={2},
  pages={73--78},
  year={2001},
  publisher={JSTOR}
}

@article{henrich2003-evolutionOfCulturalEvolution,
  title={The evolution of cultural evolution},
  author={Henrich, Joseph and McElreath, Richard},
  journal={Evolutionary Anthropology: Issues, News, and Reviews},
  volume={12},
  number={3},
  pages={123--135},
  year={2003},
  publisher={Wiley Online Library}
}

@ARTICLE{Henrich2004,
  title = {Demography and cultural evolution: how adaptive cultural processes can produce maladaptive lossesâthe Tasmanian case},
  author = {Henrich, Joseph},
  journal = AmAntiquity,
  volume = 69,
  number = 2,
  pages = {197--214},
  year = 2004,
  publisher = {Cambridge University Press},
  doi = {10.2307/4128416},
}

@article{henrich2006-costlyPunishmentAcrossSocieties,
  title={Costly punishment across human societies},
  author={Henrich, Joseph and McElreath, Richard and Barr, Abigail and Ensminger, Jean and Barrett, Clark and Bolyanatz, Alexander and Cardenas, Juan Camilo and Gurven, Michael and Gwako, Edwins and Henrich, Natalie and others},
  journal={Science},
  volume={312},
  number={5781},
  pages={1767--1770},
  year={2006},
  publisher={American Association for the Advancement of Science}
}

@article{henrich2010-evolutionOfFairnessPunishment,
  title={Markets, religion, community size, and the evolution of fairness and punishment},
  author={Henrich, Joseph and Ensminger, Jean and McElreath, Richard and Barr, Abigail and Barrett, Clark and Bolyanatz, Alexander and Cardenas, Juan Camilo and Gurven, Michael and Gwako, Edwins and Henrich, Natalie and others},
  journal={science},
  volume={327},
  number={5972},
  pages={1480--1484},
  year={2010},
  publisher={American Association for the Advancement of Science}
}

@inbook{henrich2010-evolutionInnovationEnhancingInstitutions,
  chapter={The evolution of innovation-enhancing institutions},
  author={Henrich, Joseph},
  title={Innovation in cultural systems: Contributions from evolutionary anthropology},
  editor={Shennan, S and O'Brien, M},
  pages={99--120},
  year={2010},
  publisher={MIT Press, London.}
}

@article{henrich2011-whyPunish,
  author =       "Joe Henrich and Robert Boyd",
  title =        "Why people punish defectors: Weak conformist transmission can stabilize costly enforcement of norms in cooperative dilemmas.",
  journal =      "Journal of Theoretical Biology",
  volume =       "208",
  number =       "",
  pages =        "79-89",
  year =         "2001"
}

@article{henrich2011-adaptativeLearningBiasesFiji,
  title={On the nature of cultural transmission networks: evidence from Fijian villages for adaptive learning biases},
  author={Henrich, Joseph and Broesch, James},
  journal={Philosophical Transactions of the Royal Society of London B: Biological Sciences},
  volume={366},
  number={1567},
  pages={1139--1148},
  year={2011},
  publisher={The Royal Society}
}

@article{henrich2015-bigManMechanism,
  title={The Big Man Mechanism: how prestige fosters cooperation and creates prosocial leaders},
  author={Henrich, Joseph and Chudek, Maciej and Boyd, Robert},
  journal={Phil. Trans. R. Soc. B},
  volume={370},
  number={1683},
  pages={20150013},
  year={2015},
  publisher={The Royal Society}
}

@book{henrich2020-weirdest,
  title={The WEIRDest people in the world: How the West became psychologically peculiar and particularly prosperous},
  author={Henrich, Joseph},
  year={2020},
  publisher={Penguin UK}
}

@TechReport{Herbrich2005,
  title = {On Gaussian expectation propagation},
  author = {Herbrich, Ralf},
  year = 2005,
  month = Jul,
  institution = {Microsoft Research},
}

@INPROCEEDINGS{Herbrich2007,
  author = {Herbrich, Ralf and Minka, Ralf and Graepel, Thore},
  editor = {Sch\"{o}lkopf, B. and Platt, J. and Hoffman, T.},
  booktitle = Proc # "of the " # Conf # "in Advances in Neural Information Processing Systems",
  title = {TrueSkill\texttrademark: A Bayesian Skill Rating System},
  year = 2006,
  publisher = {MIT Press},
  address = {Cambridge, MA},
  pages = {569--576},
  url = {https://proceedings.neurips.cc/paper/2006/file/f44ee263952e65b3610b8ba51229d1f9-Paper.pdf},
  isbn = "978-0262256919",
} 

@ARTICLE{Herrmann2007,
  title = {Humans have evolved specialized skills of social cognition: The cultural intelligence hypothesis},
  author = {Herrmann, Esther and Call, Josep and Hern\'andez-Lloreda, Mar\'ia Victoria and Hare, Brian and Tomasello, Michael},
  journal= "Science",
  volume = 317,
  number = 5843,
  pages = {1360--1366},
  year = 2007,
  publisher = AAAS,
  doi = {10.1126/science.1146282},
  issn = "0036-8075",
}

@article{heathcote2000-powerLawRepealedExponentialLawOfPractice,
  title={The power law repealed: The case for an exponential law of practice},
  author={Heathcote, Andrew and Brown, Scott and Mewhort, D JK},
  journal={Psychonomic bulletin \& review},
  volume={7},
  number={2},
  pages={185--207},
  year={2000},
  publisher={Springer}
}

@inproceedings{hernandez2015-probabilisticBackpropagation,
  title =        {Probabilistic Backpropagation for Scalable Learning of Bayesian Neural Networks},
  author =       {Hernandez-Lobato, Jose Miguel and Adams, Ryan},
  booktitle =    {Proceedings of the 32nd International Conference on Machine Learning},
  year =         {2015},
  address =      {Lille, France},
  publisher =    {PMLR},
}

@inproceedings{hester2018-deepQlearning,
  title={Deep q-learning from demonstrations},
  author={Hester, Todd and Vecerik, Matej and Pietquin, Olivier and Lanctot, Marc and Schaul, Tom and Piot, Bilal and Horgan, Dan and Quan, John and Sendonaris, Andrew and Osband, Ian and others},
  booktitle={Thirty-Second AAAI Conference on Artificial Intelligence},
  year=2018,
}

@book{heyes1996-animalSocialLearning,
  title={Social learning in animals: the roots of culture},
  author={Heyes, Cecilia M and Galef Jr, Bennett G},
  year={1996},
  publisher={Elsevier}
}

@book{heyes2000-evolutionOfCognition,
  title={The evolution of cognition},
  author={Heyes, Cecilia M and Huber, Ludwig},
  year={2000},
  publisher={mit Press}
}

@article{heyes2016-whoKnows,
  title={Who knows? Metacognitive social learning strategies},
  author={Heyes, Cecilia},
  journal={Trends in cognitive sciences},
  volume={20},
  number={3},
  pages={204--213},
  year={2016},
  publisher={Elsevier}
}

@article{heyes2016-blackboxingSocialLearning,
  title={Blackboxing: social learning strategies and cultural evolution},
  author={Heyes, Cecilia},
  journal={Phil. Trans. R. Soc. B},
  volume={371},
  number={1693},
  pages={20150369},
  year={2016},
  publisher={The Royal Society}
}

@article{hewlett1986-transmissionAkaPygmies,
  title={Cultural transmission among Aka pygmies},
  author={Hewlett, Barry S and Cavalli-Sforza, Luca L},
  journal={American Anthropologist},
  volume={88},
  number={4},
  pages={922--934},
  year={1986},
  publisher={Wiley Online Library}
}

@article{hill2014-interactionRates,
  title={Hunter-gatherer inter-band interaction rates: Implications for cumulative culture},
  author={Hill, Kim R and Wood, Brian M and Baggio, Jacopo and Hurtado, A Magdalena and Boyd, Robert T},
  journal={PloS one},
  volume={9},
  number={7},
  year={2014},
  publisher={Public Library of Science}
}

@book{hill2017-ethnography,
  title={Ache life history: The ecology and demography of a foraging people},
  author={Hill, Kim and Hurtado, A Magdalena},
  year={2017},
  publisher={Routledge}
}

@article{hills2015-explorationVersusExploitation,
  title={Exploration versus exploitation in space, mind, and society},
  author={Hills, Thomas T and Todd, Peter M and Lazer, David and Redish, A David and Couzin, Iain D and Cognitive Search Research Group and others},
  journal={Trends in cognitive sciences},
  volume={19},
  number={1},
  pages={46--54},
  year={2015},
  publisher={Elsevier}
}

@article{ho2008-onlineRatingsData,
  title={Improving the presentation and interpretation of online ratings data with model-based figures},
  author={Ho, Daniel E and Quinn, Kevin M},
  journal={The American Statistician},
  volume={62},
  number={4},
  pages={279--288},
  year={2008},
  publisher={Taylor \& Francis}
}

@incollection{ho2016-generativeAdversialImitationLearning,
  title = {Generative Adversarial Imitation Learning},
  author = {Ho, Jonathan and Ermon, Stefano},
  booktitle = {Advances in Neural Information Processing Systems 29},
  editor = {D. D. Lee and M. Sugiyama and U. V. Luxburg and I. Guyon and R. Garnett},
  pages = {4565--4573},
  year = {2016},
  publisher = {Curran Associates, Inc.},
}

@book{hobson2006-origenesOrientales,
  title={Los or\'igenes orientales de la civilizaci{\'o}n de Occidente},
  author={Hobson, John M},
  year={2006},
  publisher={Cr\'itica}
}

@book{hoppitt2013-socialLearningAnIntroductionBook,
  title={Social learning: an introduction to mechanisms, methods, and models},
  author={Hoppitt, William and Laland, Kevin N},
  year={2013},
  publisher={Princeton University Press}
}


@article{horner2006-faithfulReplicationForagingChimpanzees,
  title={Faithful replication of foraging techniques along cultural transmission chains by chimpanzees and children},
  author={Horner, Victoria and Whiten, Andrew and Flynn, Emma and de Waal, Frans BM},
  journal=PNAS,
  volume={103},
  number={37},
  pages={13878--13883},
  year={2006},
  publisher={National Acad Sciences}
}

@article{howard2014-learningCurvesChessPlayersATestOfPowerLawGenerality,
  title={Learning curves in highly skilled chess players: a test of the generality of the power law of practice},
  author={Howard, Robert W},
  journal={Acta psychologica},
  volume={151},
  pages={16--23},
  year={2014},
  publisher={Elsevier}
}

@book{howell2010-ethnography,
  title={Life histories of the Dobe! Kung: food, fatness, and well-being over the life span},
  author={Howell, Nancy},
  volume={4},
  year={2010},
  publisher={Univ of California Press}
}

@book{hrdy2009-mothers,
  title={Mothers and others: The evolutionary origins of mutual understanding},
  author={Hrdy, Sarah Blaffer},
  year={2009},
  publisher={Harvard University Press}
}

@article{hrdy2020-emotionallyModern,
  title={The emergence of emotionally modern humans: implications for language and learning},
  author={Hrdy, Sarah Blaffer and Burkart, Judith M},
  journal={Philosophical Transactions of the Royal Society B},
  volume={375},
  number={1803},
  pages={20190499},
  year={2020},
  publisher={The Royal Society}
}

@INPROCEEDINGS{huang09a,
author={Yun Huang and Cuihua Shen and Williams, D. and Contractor, N.},
booktitle={Computational Science and Engineering, 2009. CSE '09. International Conference on},
title={Virtually There: Exploring Proximity and Homophily in a Virtual World},
year={2009},
month={Aug},
volume={4},
pages={354-359}
}

@INPROCEEDINGS{huang09b,
author={Yun Huang and Mengxiao Zhu and Jing Wang and Pathak, N. and Cuihua Shen and Keegan, B. and Williams, D. and Contractor, N.},
booktitle={Computational Science and Engineering, 2009. CSE '09. International Conference on},
title={The Formation of Task-Oriented Groups: Exploring Combat Activities in Online Games},
year={2009},
month={Aug},
volume={4},
pages={122-127}
}

@inproceedings{huang2015-maxEntIOCmentalSimulation,
  title={Approximate maxent inverse optimal control and its application for mental simulation of human interactions},
  author={Huang, De-An and Farahmand, Amir-massoud and Kitani, Kris M and Bagnell, James Andrew},
  booktitle={Twenty-Ninth AAAI Conference on Artificial Intelligence},
  year=2015
}

@INPROCEEDINGS{huffaker,
author={Yun Huang and Mengxiao Zhu and Jing Wang and Pathak, N. and Cuihua Shen and Keegan, B. and Williams, D. and Contractor, N.},
booktitle={Computational Science and Engineering, 2009. CSE '09. International Conference on},
title={The Formation of Task-Oriented Groups: Exploring Combat Activities in Online Games},
year={2009},
month={Aug},
volume={4},
pages={122-127}
}

@article{ioannidis2020-polynesiaAmerica,
  title={Native American gene flow into Polynesia predating Easter Island settlement},
  author={Ioannidis, Alexander G and Blanco-Portillo, Javier and Sandoval, Karla and Hagelberg, Erika and Miquel-Poblete, Juan Francisco and Moreno-Mayar, J V{\'\i}ctor and Rodr{\'\i}guez-Rodr{\'\i}guez, Juan Esteban and Quinto-Cort{\'e}s, Consuelo D and Auckland, Kathryn and Parks, Tom and others},
  journal={Nature},
  volume={583},
  number={7817},
  pages={572--577},
  year={2020},
  publisher={Nature Publishing Group}
}

@article{jacobs1961-perpetuationArbitraryTradition,
  title={The perpetuation of an arbitrary tradition through several generations of a laboratory microculture.},
  author={Jacobs, Robert C and Campbell, Donald T},
  journal={The Journal of Abnormal and Social Psychology},
  volume={62},
  number={3},
  pages={649},
  year={1961},
  publisher={American Psychological Association}
}

@book{james2013-introductionToStatisticalLearning,
  title={An introduction to statistical learning},
  author={James, Gareth and Witten, Daniela and Hastie, Trevor and Tibshirani, Robert},
  volume={112},
  year={2013},
  publisher={Springer}
}

@article{jaraEttinger2019-theoryOfMindAsIRL,
  title={Theory of mind as inverse reinforcement learning},
  author={Jara-Ettinger, Julian},
  journal={Current Opinion in Behavioral Sciences},
  volume={29},
  pages={105--110},
  year={2019},
  publisher={Elsevier}
}

@article{janssen2010-labExperimentsForSocialEcologicalSystems,
  title={Lab experiments for the study of social-ecological systems},
  author={Janssen, Marco A and Holahan, Robert and Lee, Allen and Ostrom, Elinor},
  journal={Science},
  volume={328},
  number={5978},
  pages={613--617},
  year={2010},
  publisher={American Association for the Advancement of Science}
}

@article{javdani2015-sharedAutonomy,
  title={Shared autonomy via hindsight optimization},
  author={Javdani, Shervin and Srinivasa, Siddhartha S and Bagnell, J Andrew},
  journal={Robotics science and systems: online proceedings},
  year=2015,
  publisher={NIH Public Access}
}

@article{jaynes1957-informationTheoryAndStatisticalMechanics,
  title={Information theory and statistical mechanics},
  author={Jaynes, Edwin T},
  journal={Physical review},
  volume={106},
  number={4},
  pages={620},
  year={1957},
  publisher={APS},
}

@inproceedings{jaynes1984-bayesianBackground,
  title={Bayesian methods: General background},
  author={Jaynes, Edwin T},
  year={1984},
  publisher={Fourth Annual Workshop on Bayesian/Maximum Entropy Methods},
}

@BOOK{Jaynes2003,
    title = {Probability Theory: The Logic of Science},
    editor = {Bretthorst, G.Larry},
    author = {Jaynes, Edwin T},
    year = 2003,
    month = Apr,
    publisher = {Cambridge University Press},
    isbn = "978-0-521-59271-0",
    numpages = 753,
}

@book{Jeffreys1939,
  title={Theory of Probability},
  author={Jeffreys, H.},
  year={1939},
  publisher = "Oxford University Press"
}

@article{jeong2011-gameAddiction,
  author =       "E.J. Jeong and D.H. Kim",
  title =        "Social activities, self-efficacy, game attitudes, and game addiction",
  journal =      "Cyberpsychology, Behavior, and Social Networking",
  volume =       "14",
  number =       "4",
  pages =        "213-221",
  year =         "2011"
} 

@book{jenness1928-ethnography,
  title={The people of the twilight},
  author={Jenness, Diamond},
  year={1928},
  publisher={New York: Macmillan}
}

@article{Johnson2009-onlineGuildsOfflineGangs,
  title = {Human group formation in online guilds and offline gangs driven by a common team dynamic},
  author = {Johnson, Neil F. and Xu, Chen and Zhao, Zhenyuan and Ducheneaut, Nicolas and Yee, Nicholas and Tita, George and Hui, Pak Ming},
  journal = {Phys. Rev. E},
  volume = {79},
  issue = {6},
  pages = {066117},
  numpages = {11},
  year = {2009},
  month = {Jun},
  publisher = {American Physical Society}
}

@article{Jones2011,
  title={Primates and the evolution of long, slow life histories},
  author={Jones, James Holland},
  journal={Current Biology},
  volume={21},
  number={18},
  pages={R708--R717},
  year={2011},
  publisher={Elsevier}
}

@article{Jiang09,
	author = {{Jiang, Zhi-Qiang} and {Zhou, Wei-Xing} and {Tan, Qun-Zhao}},
	title = {Online-offline activities and game-playing behaviors of avatars  in a massive multiplayer online role-playing game},
	journal = {EPL},
	year = 2009,
	volume = 88,
	number = 4,
	pages = "48007"
}

@article{Jiang10,
title = "Statistical properties of online avatar numbers in a massive multiplayer online role-playing game ",
journal = "Physica A: Statistical Mechanics and its Applications ",
volume = "389",
number = "4",
pages = "807 - 814",
year = "2010",
author = "Zhi-Qiang Jiang and Fei Ren and Gao-Feng Gu and Qun-Zhao Tan and Wei-Xing Zhou",
}

@article{jimenez2019-prestigeBiasedSocialLearning,
  title={Prestige-biased social learning: current evidence and outstanding questions},
  author={Jim{\'e}nez, {\'A}ngel V and Mesoudi, Alex},
  journal={Palgrave Communications},
  volume={5},
  number={1},
  pages={20},
  year={2019},
  publisher={Nature Publishing Group}
}


@article{Jo12,
  author={Hang-Hyun Jo and MÃ¡rton Karsai and JÃ¡nos KertÃ©sz and Kimmo Kaski},
  title={Circadian pattern and burstiness in mobile phone communication},
  journal={New Journal of Physics},
  volume={14},
  number={1},
  pages={013055},
  year={2012},
}

@misc{kaggle2010-chessRatings,
  title={Chess ratings - Elo versus the Rest of the World},
  author={Kaggle Inc.},
  year={2010}
}



@article{kahneman1979-decisionUnderRisk,
  title={Prospect theory: An analysis of decision under risk},
  author={Kahneman, Daniel and Tversky, Amos},
  journal={Econometrica: Journal of the econometric society},
  pages={263--291},
  year={1979},
  publisher={JSTOR}
}



@article{kahneman2009-conditionsForIntuitiveExpertise,
  title={Conditions for intuitive expertise: a failure to disagree.},
  author={Kahneman, Daniel and Klein, Gary},
  journal={American psychologist},
  volume={64},
  number={6},
  pages={515},
  year={2009},
  publisher={American Psychological Association}
}


@article{Kang13,
  author = {Kang, Shin-Jin and Kim, Young Bin and Park, Taejung and Kim, Chang-Hun},
  journal = {Multimedia Tools Appl.},
  number = {3},
  pages = {383-404},
  title = {Automatic player behavior analysis system using trajectory data in a massive multiplayer online game.},
  volume = {66},
  year = {2013}
}


@article{kass1995-bayesFactors,
  title={Bayes factors},
  author={Kass, Robert E and Raftery, Adrian E},
  journal={Journal of the american statistical association},
  volume={90},
  number={430},
  pages={773--795},
  year={1995},
  publisher={Taylor \& Francis}
}

@inproceedings{MacKay1991-modelComparison,
  author = {MacKay, David J. C.},
  title = {Bayesian Model Comparison and Backprop Nets},
  year = {1991},
  isbn = {1558602224},
  publisher = {Morgan Kaufmann Publishers Inc.},
  address = {San Francisco, CA, USA},
  booktitle = {Proceedings of the 4th International Conference on Neural Information Processing Systems},
  pages = {839â846},
  numpages = {8},
  location = {Denver, Colorado},
  series = {NIPS'91}
}

@article{MacKay1992-interpolationModelComparison,
  author = {MacKay, David J. C.},
  title = {Bayesian Interpolation},
  year = {1992},
  issue_date = {May 1992},
  publisher = {MIT Press},
  address = {Cambridge, MA, USA},
  volume = {4},
  number = {3},
  issn = {0899-7667},
  url = {https://doi.org/10.1162/neco.1992.4.3.415},
  doi = {10.1162/neco.1992.4.3.415},
  journal = {Neural Comput.},
  month = May,
  pages = {415â447},
  numpages = {33}
}

@article{MacKay1992-classificationModelComparison,
  author = {MacKay, David J. C.},
  title = {The Evidence Framework Applied to Classification Networks},
  year = {1992},
  issue_date = {September 1992},
  publisher = {MIT Press},
  address = {Cambridge, MA, USA},
  volume = {4},
  number = {5},
  issn = {0899-7667},
  url = {https://doi.org/10.1162/neco.1992.4.5.720},
  doi = {10.1162/neco.1992.4.5.720},
  journal = {Neural Comput.},
  month = Sep,
  pages = {720â736},
  numpages = {17}
}

@article{Mackay1998-interpolationHyperparameters,
  author = {Mackay, David J. C. and Takeuchi, Ryo},
  title = {Interpolation Models with Multiple Hyperparameters},
  year = {1998},
  issue_date = {1998},
  publisher = {Kluwer Academic Publishers},
  address = {USA},
  volume = {8},
  number = {1},
  issn = {0960-3174},
  url = {https://doi.org/10.1023/A:1008862908404},
  doi = {10.1023/A:1008862908404},
  journal = {Statistics and Computing},
  month = Jan,
  pages = {15â23},
  numpages = {9},
  keywords = {spline, Bayesian inference, neuronal spike, convexity, regularizer, regression}
}

@article{MacKay1999-approximateHyperparameters,
  author = {MacKay, David J. C.},
  title = {Comparison of Approximate Methods for Handling Hyperparameters},
  year = {1999},
  issue_date = {July 1, 1999},
  publisher = {MIT Press},
  address = {Cambridge, MA, USA},
  volume = {11},
  number = {5},
  issn = {0899-7667},
  url = {https://doi.org/10.1162/089976699300016331},
  doi = {10.1162/089976699300016331},
  journal = {Neural Comput.},
  month = Jul,
  pages = {1035â1068},
  numpages = {34}
}

@article{kawai1965-newlyMacaques,
  title={Newly-acquired pre-cultural behavior of the natural troop of Japanese monkeys on Koshima Islet},
  author={Kawai, Masao},
  journal={Primates},
  volume={6},
  number={1},
  pages={1--30},
  year={1965},
  publisher={Springer}
}


@article{kawamura1959-macaques,
  title={The process of sub-culture propagation among Japanese macaques},
  author={Kawamura, Syunzo},
  journal={Primates},
  volume={2},
  number={1},
  pages={43--60},
  year={1959},
  publisher={Springer}
}

@book{keen1994-ethnography,
  title={Knowledge and secrecy in an Aboriginal religion},
  author={Keen, Ian},
  year={1994},
  publisher={Clarendon Press}
}

@book{kelly1985-ethnography,
  title={The Nuer conquest: The structure and development of an expansionist system},
  author={Kelly, Raymond Case},
  year={1985},
  publisher={University of Michigan Press}
}

@book{kelly2013-ethnography,
  title={The lifeways of hunter-gatherers: the foraging spectrum},
  author={Kelly, Robert L},
  year={2013},
  publisher={Cambridge University Press}
}

@article{kempe2014-experiment,
  title={An experimental demonstration of the effect of group size on cultural accumulation},
  author={Kempe, Marius and Mesoudi, Alex},
  journal={Evolution and Human Behavior},
  volume={35},
  number={4},
  pages={285--290},
  year={2014},
  publisher={Elsevier}
}

@article{kim2018-bayesianModelOfCommonsenseMoralDecision,
  title={A Computational Model of Commonsense Moral Decision Making},
  author={Kim, Richard and Kleiman-Weiner, Max and Abeliuk, Andres and Awad, Edmond and Dsouza, Sohan and Tenenbaum, Josh and Rahwan, Iyad},
  journal={arXiv preprint arXiv:1801.04346},
  year={2018}
}

@INPROCEEDINGS{klein2012,
  title = {Inverse reinforcement learning through structured classification},
  author = {Klein, Edouard and Geist, Matthieu and Piot, Bilal and Pietquin, Olivier},
  booktitle = Proc # "of Advances in neural information processing systems (NIPS 2012)",
  pages = {1007--1015},
  editor = {F. Pereira and C. J. C. Burges and L. Bottou and K. Q. Weinberger},
  year = {2012},
  publisher = {Curran Associates, Inc.},
}

@INPROCEEDINGS{klein2013,
  title = {A cascaded supervised learning approach to inverse reinforcement learning},
  author = {Klein, Edouard and Piot, Bilal and Geist, Matthieu and Pietquin, Olivier},
  booktitle = Proc # "of the Joint European conference on machine learning and knowledge discovery in databases (ECML PKDD 2013)",
  series = {Lecture Notes in Computer Science},
  volume = 8188,
  pages = {1--16},
  year = 2013,
  publisher = Springer,
  doi = {10.1007/978-3-642-40988-2_1},
  address = {Berlin, Heidelberg},
}

@book{klimovsky1994-desventuras,
  title={Las desventuras del conocimiento cient\'ifico},
  author={Klimovsky, Gregorio},
  publisher={AZ editora, Buenos Aires},
  year={1994}
}

@article{kline2010-populationSize,
  title={Population size predicts technological complexity in Oceania},
  author={Kline, Michelle A and Boyd, Robert},
  journal={Proceedings of the Royal Society B: Biological Sciences},
  volume={277},
  number={1693},
  pages={2559--2564},
  year={2010},
  publisher={The Royal Society}
}

@article{klopfer1961-birdsObservationalLearning,
  title={Observational learning in birds: the establishment of behavioral modes},
  author={Klopfer, Peter H},
  journal={Behaviour},
  volume={17},
  number={1},
  pages={71--80},
  year={1961},
  publisher={Brill}
}

@article{klucharev2009-reinforcementLearningSignalPredictsSocialConformity,
  title={Reinforcement learning signal predicts social conformity},
  author={Klucharev, Vasily and Hyt{\"o}nen, Kaisa and Rijpkema, Mark and Smidts, Ale and Fern{\'a}ndez, Guill{\'e}n},
  journal={Neuron},
  volume={61},
  number={1},
  pages={140--151},
  year={2009},
  publisher={Elsevier}
}

@article{kober2013-roboticSurvey,
  title={Reinforcement learning in robotics: A survey},
  author={Kober, Jens and Bagnell, J Andrew and Peters, Jan},
  journal={The International Journal of Robotics Research},
  volume={32},
  number={11},
  pages={1238--1274},
  year={2013},
  publisher={SAGE Publications Sage UK: London, England},
}

@article{koch2019-europeanArrival,
  title={Earth system impacts of the European arrival and Great Dying in the Americas after 1492},
  author={Koch, Alexander and Brierley, Chris and Maslin, Mark M and Lewis, Simon L},
  journal={Quaternary Science Reviews},
  volume={207},
  pages={13--36},
  year={2019},
  publisher={Elsevier}
}

@book{koller2009-PGM,
  title={Probabilistic graphical models: principles and techniques},
  author={Koller, Daphne and Friedman, Nir},
  year={2009},
  publisher={MIT press}
}

@ARTICLE{Kossinets2006,
  title = {Empirical Analysis of an Evolving Social Network},
  author = {Kossinets, Gueorgi and Watts, Duncan J},
  journal = {Science},
  volume = 311,
  number = 5757,
  pages = {88--90},
  year = 2006,
  doi = {10.1126/science.1116869},
  publisher = {American Association for the Advancement of Science},
  issn = {0036-8075},
}

@article{Koster2020,
  title = {The Life History of Human Foraging: Cross-Cultural and Individual Variation},
  author = "Koster, Jeremy and McElreath, Richard and Hill, Kim and Yu, Douglas and Shepard, Glenn and Van Vliet, Nathalie and Gurven, Michael and Trumble, Benjamin and Bird, Rebecca Bliege and Bird, Douglas and Codding, Brian and Coad, Lauren and Pacheco-Cobos, Luis and Winterhalder, Bruce and Lupo, Karen and Schmitt, Dave and Sillitoe, Paul and Franzen, Margaret and Alvard, Michael and Venkataraman, Vivek and Kraft, Thomas and Endicott, Kirk and Beckerman, Stephen and Marks, Stuart and Headland, Thomas and Pangau-Adam, Margaretha and Siren, Andres and Kramer, Karen and Greaves, Russell and Reyes-Garc\'i, Victoria and Gu\`eze, Maximilien and Duda, Romain and Fern\'andez-Llamazares, \'Alvaro and Gallois, Sandrine and Napitupulu, Lucentezza and Ellen, Roy and Ziker, John and Nielsen, Martin and Ready, Elspeth and Healey, Christopher and Ross, Cody",
  journal = {Science Advances},
  volume = 6,
  number = 26,
  doi = {10.1126/sciadv.aax9070},
  page = {eaax9070},
  issn = "2375-2548",
  year = 2020,
  publisher = {American Association for the Advancement of Science},
}

@book{knauft1985-ethnography,
  title={Good company and violence: Sorcery and social action in a lowland New Guinea Society},
  author={Knauft, Bruce M},
  number={3},
  year={1985},
  publisher={Univ of California Press}
}

@book{knauft2015-ethnography,
  title={The Gebusi: lives transformed in a rainforest world},
  author={Knauft, Bruce},
  year={2015},
  publisher={Waveland Press}
}

@article{knox2020-racialShootBayes,
  title={Making inferences about racial disparities in police violence},
  author={Knox, Dean and Mummolo, Jonathan},
  journal=PNAS,
  volume={117},
  number={3},
  pages={1261--1262},
  year={2020},
  publisher={National Acad Sciences},
}


@book{kotz2001-laplace,
  title={The Laplace distribution and generalizations: a revisit with applications to communications, economics, engineering, and finance},
  author={Kotz, Samuel and Kozubowski, Tomasz and Podgorski, Krzystof},
  year={2001},
  publisher={Birkhuser Basel},
}

@article{krafft2018-computationalTheoryOfGeneralCollectiveIntelligence,
  title={A Simple Computational Theory of General Collective Intelligence (Draft)},
  author={Krafft, Peter M and Tenenbaum, Joshua B},
  year={2018},
  journal={MIT}
}

@article{kroeber1952-cultureDefinitions,
  title={Culture: A critical review of concepts and definitions.},
  author={Kroeber, Alfred Louis and Kluckhohn, Clyde},
  journal={Papers. Peabody Museum of Archaeology \& Ethnology, Harvard University},
  year={1952}
}

@article{krutzen2005-culturalTransmissionDolphins,
  title={Cultural transmission of tool use in bottlenose dolphins},
  author={Kr{\"u}tzen, Michael and Mann, Janet and Heithaus, Michael R and Connor, Richard C and Bejder, Lars and Sherwin, William B},
  journal=PNAS,
  volume={102},
  number={25},
  pages={8939--8943},
  year={2005},
  publisher={National Acad Sciences}
}

@ARTICLE{Kschischang2001,
  title = {Factor Graphs and the Sum-Product Algorithm},
  author = {Kschischang, Frank R and Frey, Brendan J and Loeliger, H-A},
  journal = IEEETransInformTheory,
  volume = 47,
  number = 2,
  pages = {498--519},
  year = 2001,
  month = Feb,
  publisher = IEEE,
  issn = "0018-9448", 
  doi = {10.1109/18.910572}
}

@article{kumar2019-rewardConditionedPolicies,
  title={Reward-Conditioned Policies},
  author={Kumar, Aviral and Peng, Xue Bin and Levine, Sergey},
  journal={arXiv preprint arXiv:1912.13465},
  year=2019,
}

@article{laland2004-socialLearningStrategies,
  title={Social learning strategies},
  author={Laland, Kevin N},
  journal={Learning \& behavior},
  volume={32},
  number={1},
  pages={4--14},
  year={2004},
  publisher={Springer}
}


@book{laland2009-animalCulture,
  title={The question of animal culture},
  author={Laland, Kevin N and Galef, Bennett G},
  year={2009},
  publisher={Harvard University Press}
}

@book{laplace1820-probabilites,
  title={Th\'eorie analytique des probabilit\'es},
  author={Laplace, Pierre Simon},
  year={1820},
  publisher={Courcier},
}


@inproceedings{lanctot2017-unifiedGameTheoreticApproachToMARL,
  title={A unified game-theoretic approach to multiagent reinforcement learning},
  author={Lanctot, Marc and Zambaldi, Vinicius and Gruslys, Audrunas and Lazaridou, Angeliki and Perolat, Julien and Silver, David and Graepel, Thore and others},
  booktitle={Advances in Neural Information Processing Systems},
  pages={4193--4206},
  year={2017}
}

@misc{Landfried-repo:ttt,
  author = {Landfried, Gustavo},
  title = {TrueSkill Through Time: the Julia, Python and R packages.},
  year = 2021,
  publisher = {GitHub},
  journal = {GitHub repository},
  howpublished = {\url{https://github.com/glandfried/TrueSkillThroughTime}}
}

@misc{landfried-repo:ttt.jl,
  author = {Landfried, Gustavo},
  title = {The TrueSkill Through Time Julia Package.},
  year = {2020},
  publisher = {GitHub},
  journal = {GitHub repository},
  howpublished = {\url{https://github.com/glandfried/TrueSkillThroughTime.jl}}
}

@misc{landfried-repo:ttt.py,
  author = {Landfried, Gustavo},
  title = {The TrueSkill Through Time Python Package.},
  year = {2020},
  publisher = {GitHub},
  journal = {GitHub repository},
  howpublished = {\url{https://github.com/glandfried/TrueSkillThroughTime.py}}
}

@misc{landfried-repo:ttt.R,
  author = {Landfried, Gustavo},
  title = {The TrueSkill Through Time Python Package.},
  year = {2020},
  publisher = {GitHub},
  journal = {GitHub repository},
  howpublished = {\url{https://github.com/glandfried/TrueSkillThroughTime.R}}
}


@misc{landfried-repo:vlr,
  author = {Landfried, Gustavo},
  title = {Repository: Variational logisitic regression},
  year = {2020},
  publisher = {GitHub},
  journal = {GitHub repository},
  howpublished = {\url{git@github.com:glandfried/variational-logisitic-regression.git}}
}

@misc{landfried-repo:ablr,
  author = {Landfried, Gustavo},
  title = {Repository: Analytical linear regression},
  year = {2020},
  publisher = {GitHub},
  journal = {GitHub repository},
  howpublished = {\url{git@github.com:glandfried/analytic-bayesian-linear-regression.git}}
}

@misc{landfried-group:bayes,
  title={Bayes de las Provincias Unidas del Sur. Team.},
  year={2019-2020},
  publisher = {GitHub},
  howpublished={\url{https://github.com/BayesDeLasProvinciasUnidasDelSur}}
}

@misc{landfried-repo:moves-ogs-dataset,
  author = {Landfried, Gustavo},
  title = {Repository: moves-ogs-dataset},
  year = {2020},
  publisher = {GitHub},
  journal = {GitHub repository},
  howpublished = {\url{https://github.com/glandfried/moves-ogs-dataset}}
}

@misc{landfried-repo:output-ogs-dataset,
  author = {Landfried, Gustavo},
  title = {Repository: output-ogs-dataset},
  year = {2020},
  publisher = {GitHub},
  journal = {GitHub repository},
  howpublished = {\url{https://github.com/glandfried/output-ogs-dataset}}
}



@misc{landfried-aiLab,
  author = {Artificial Intelligence Laboratory},
  title = {Departamento de Computaci\'on, Facultad de Ciencias Exactas y Naturales},
  publisher = {Universidad de Buenos Aires - Argentina},
  howpublished={\url{https://liaa.dc.uba.ar}}
}

@misc{landfried-hpcLab,
  author = {High Performance Computing Laboratory},
  title = {Departamento de Computaci\'on, Facultad de Ciencias Exactas y Naturales},
  publisher = {Universidad de Buenos Aires - Argentina},
  howpublished={\url{http://licar.dc.uba.ar/}}
}

@inproceedings{landfried2009-theoryOfAggregation,
  title={A Specialzation of the Landscape Theory of Aggregation},
  author={Landfried, Gustavo},
  booktitle={VIII ReuniÃ³n de AntropologÃ­a del Mercosur},
  year={2009}
}

@mastersthesis{landfried2013-relationalDecisionMaking,
  title={Relational decision making. Models in Social Science},
  author={Landfried, Gustavo},
  school={Universidad de Buenos Aires},
  year={2013}
}

@ARTICLE{Landfried2019,
  title = {Faithfulness-boost effect: Loyal teammate selection correlates with skill acquisition improvement in online games},
  author = {Landfried, Gustavo and Slezak, Diego Fern\'andez and Mocskos, Esteban},
  journal = {PLoS ONE},
  volume = 14,
  number = 3,
  pages = {e0211014},
  year = 2019,
  month = Mar,
  publisher = {Public Library of Science},
}


@article{landfried2019-conquerClub,
  title = {Conquer Club dataset: an RISK type game},
  author = {Landfried, G},
  year = {2019},
  journal={Dryad},
  publisher = {Dryad Digital Repository}
}

@article{landfried2019-trueskillTechnicalReport,
title={TrueSkill: Technical Report. Supplementary Information 2.},
author={Landfried, Gustavo},
year={2019},
journal={PLoS one},
publisher={Public Library of Science}
}

@misc{landfried2020-handicap,
  title={Adaptability estimation under environmental obstacles: the game of Go},
  author={Landfried, Gustavo and Mazzanti, Matias and Mocskos, Esteban},
  year={2020},
  howpublished={Work in progress}
}

@misc{landfried2020-truesynergy,
  title={Estimation of synergy between teammates},
  author={Landfried, Gustavo},
  year={2020},
  howpublished={Work in progress}
}

@misc{landfried2020-culturalCentrality,
  title={The effect of demographic structures over individual skill acquisition in an online game},
  author={Landfried, Gustavo and Cairo, Gustavo and Mocskos, Esteban},
  year={2020},
  howpublished={Work in progress}
}

@misc{Landfried2021-TTT,
  author = {Landfried, Gustavo and Mocskos, Esteban},
  title = {TrueSkill Through Time: reliable initial skill estimates and historical comparability with Julia, Python and R.},
  year = 2021,
  publisher = {GitHub},
  journal = {GitHub repository},
  howpublished = {\url{https://github.com/glandfried/TrueSkillThroughTime/releases/download/doc/landfried-learning.pdf}}
}

@misc{landfried2022-transitions,
  author = {Landfried, Gustavo},
  title = {The multiplicative nature of evolutionary and probabilistic selection processes as the general driver for the irreversibility emergence of cooperation and specialization. },
  year = {2022},
  publisher = {GitHub},
  journal = {GitHub repository},
  howpublished = {\url{https://github.com/glandfried/transitions/releases/download/doc/landfried-transitions.pdf}}
}


@misc{landfried2020-irt,
  title={TrueSkill Through Time as a Bayesian whole history two-parameter Item-Response Theory},
  author={Landfried, Gustavo},
  year={2020},
  howpublished={Work in progress}
}

@book{lansing2006-perfectOrder,
  title={Perfect order: Recognizing complexity in Bali},
  author={Lansing, John Stephen},
  year={2006},
  publisher={Princeton University Press}
}

@article{larkin1980-expertAndNovicePerformanceInSolvingPhysicsProblems,
title={Expert and novice performance in solving physics problems},
author={Larkin, Jill and McDermott, John and Simon, Dorothea P and Simon, Herbert A},
journal={Science},
volume={208},
number={4450},
pages={1335--1342},
year={1980}
}

@book{larson2010-searchOfSynergyInSmallGroupPerformance,
title={In search of synergy in small group performance},
author={Larson, James R},
year={2010},
publisher={Psychology Press}
}

@article{Latora2001,
title = {Efficient Behavior of Small-World Networks},
author = {Latora, Vito and Marchiori, Massimo},
journal = {Phys. Rev. Lett.},
volume = {87},
issue = {19},
pages = {198701},
numpages = {4},
year = {2001},
month = {Oct},
publisher = {American Physical Society}
}


@article{Latora03PhyB,
year={2003},
issn={1434-6028},
journal={The European Physical Journal B - Condensed Matter and Complex Systems},
volume={32},
number={2},
title={Economic small-world behavior in weighted networks},
publisher={EDP Sciences, Springer-Verlag},
author={Latora, V. and Marchiori, M.},
pages={249-263},
}  

@article{latorre2017-socialNetworksSystemProjectTeams,
title={Measuring social networks when forming information system project teams},
author={Latorre, Roberto and Su{\'a}rez, Javier},
journal={Journal of Systems and Software},
year={2017},
publisher={Elsevier}
}

@article{lazer2007-model,
  title={The network structure of exploration and exploitation},
  author={Lazer, David and Friedman, Allan},
  journal={Administrative science quarterly},
  volume={52},
  number={4},
  pages={667--694},
  year={2007},
  publisher={SAGE Publications Sage CA: Los Angeles, CA}
}

@article{Lazer2009,
author = {Lazer, David and Pentland, Alex and Adamic, Lada and Aral, Sinan and Barab\'asi, Albert-LÃ¡szlÃ³ and Brewer, Devon and Christakis, Nicholas and Contractor, Noshir and Fowler, James and Gutmann, Myron and Jebara, Tony and King, Gary and Macy, Michael and Roy, Deb and Van Alstyne, Marshall}, 
title = {Computational Social Science},
volume = {323}, 
number = {5915}, 
pages = {721-723}, 
year = {2009},  
journal = {Science} 
}


@article{lazer2014-googleFluPredictionError,
title={The parable of Google Flu: traps in big data analysis},
author={Lazer, David and Kennedy, Ryan and King, Gary and Vespignani, Alessandro},
journal={Science},
volume={343},
number={6176},
pages={1203--1205},
year={2014},
publisher={American Association for the Advancement of Science}
}

@article{Lazer2020,
author = {David M. J. Lazer  and Alex Pentland  and Duncan J. Watts  and Sinan Aral  and Susan Athey  and Noshir Contractor  and Deen Freelon  and Sandra Gonzalez-Bailon  and Gary King  and Helen Margetts  and Alondra Nelson  and Matthew J. Salganik  and Markus Strohmaier  and Alessandro Vespignani  and Claudia Wagner },
title = {Computational social science: Obstacles and opportunities},
journal = {Science},
volume = {369},
number = {6507},
pages = {1060-1062},
year = {2020},
doi = {10.1126/science.aaz8170}
}

@article{legare2015-imitationAndInnovation,
title={Imitation and innovation: The dual engines of cultural learning},
author={Legare, Cristine H and Nielsen, Mark},
volume={19},
number={11},
pages={688--699},
year={2015},
publisher={Elsevier}
}

@book{lee2014-graphicalModeling,
title={Bayesian Cognitive Modeling: A Practical Course},
author={Lee, Michael D and Wagenmakers, Eric-Jan},
journal={CUP},
year={2014},
}

@book{lee2012-ethnography,
  title={The Dobe Ju/'hoansi},
  author={Lee, Richard},
  year={2012},
  publisher={Nelson Education}
}

@article{lee2019-studentAbilityUsingIRTandTrueSkill,
title={Estimating student ability and problem difficulty using item response theory (IRT) and TrueSkill},
author={Lee, Youngjin},
journal={Information Discovery and Delivery},
year={2019},
publisher={Emerald Publishing Limited}
}

@MISC{Lee2012,
  author = {Lee, Heungsub},
  title = {TrueSkill. The Video Game Rating System.},
  year = 2012,
  url = {https://github.com/sublee/trueskill/},
  note = {Last checked on \today},
}


@book{leibniz1714-monadologie,
   title =     {La Monadologie},
   author =    {Leibniz, Gottfried Wilhelm},
   year =      {1714},
   publisher = {Original}
}

@inproceedings{leibo2017-marlInSequentialSocialDilemmas,
title={Multi-agent reinforcement learning in sequential social dilemmas},
author={Leibo, Joel Z and Zambaldi, Vinicius and Lanctot, Marc and Marecki, Janusz and Graepel, Thore},
booktitle={Proceedings of the 16th Conference on Autonomous Agents and MultiAgent Systems},
pages={464--473},
year={2017},
organization={International Foundation for Autonomous Agents and Multiagent Systems}
}



@article{mulder2019-defaultBayesianModelSelectionofCMNLM,
title={Default Bayesian Model Selection of Constrained Multivariate Normal Linear Models},
author={Mulder, J and Hoijtink, H and Gu, X},
journal={arXiv preprint arXiv:1904.00679},
year={2019}
}

@article{leibo2019-autocurricula,
author    = {Joel Z. Leibo and Edward Hughes and Marc Lanctot and Thore Graepel},
title     = {Autocurricula and the Emergence of Innovation from Social Interaction: A Manifesto for Multi-Agent Intelligence Research},
journal   = {DeepMind},
year      = {2019},
archivePrefix = {arXiv},
eprint    = {1903.00742}
}

@article{leone2017-diurnalVariations,
title={Time to decide: Diurnal variations on the speed and quality of human decisions},
author={Leone, Mar{\'\i}a Juliana and Slezak, Diego Fernandez and Golombek, Diego and Sigman, Mariano},
journal={Cognition},
volume={158},
pages={44--55},
year={2017},
publisher={Elsevier}
}



@book{LeviStrauss1949,
author    = "L\'evi-Strauss",
title     = "Las estructuras elementales del parentesco",
year      = "1949",
publisher = "Paid\'os",
address   = "M\'exico"
}

@article{leonard1977-bayesianBradleyTerry,
title={An alternative Bayesian approach to the Bradley-Terry model for paired comparisons},
author={Leonard, Tom},
journal={Biometrics},
pages={121--132},
year={1977},
publisher={JSTOR},
}

@INPROCEEDINGS{Levine2011,
    title = {Nonlinear Inverse Reinforcement Learning with Gaussian Processes},
    author = {Levine, Sergey and Popovi\'{c}, Zoran and Koltun, Vladlen},
    booktitle = Proc # "of the 24th " # Int # Conf # "on Neural Information Processing Systems",
    pages = {19--27},
    year = 2011,
    numpages = 9,
    publisher = {Curran Associates Inc.},
    location = {Granada, Spain},
    address = {Red Hook, NY, USA},
}

@ARTICLE{Levine2016,
    title = {End-to-End Training of Deep Visuomotor Policies},
    author = {Levine, Sergey and Finn, Chelsea and Darrell, Trevor and Abbeel, Pieter},
    journal = JMachLearnRes,
    volume = 17,
    number = 1,
    pages = {1334--1373},
    numpages = {40},
    year = 2016,
    month = Jan,
    publisher = {JMLR.org},
}

@article{levine2018-tutorial,
title={Reinforcement learning and control as probabilistic inference: Tutorial and review},
author={Levine, Sergey},
journal={arXiv preprint arXiv:1805.00909},
year={2018},
}

@article{lewontin1961-evolutionTheoryGame,
title={Evolution and the theory of games},
author={Lewontin, Richard C},
journal={Journal of theoretical biology},
volume={1},
number={3},
pages={382--403},
year={1961},
publisher={Elsevier}
}

@article{lewontin1969-randomlyVaryingEnvironment,
  title={On population growth in a randomly varying environment},
  author={Lewontin, Richard C and Cohen, Daniel},
  journal={Proceedings of the National Academy of sciences},
  volume={62},
  number={4},
  pages={1056--1060},
  year={1969},
  publisher={National Acad Sciences}
}

@article{li2011-pathologicalOnlineGaming,
author =       "D. Li and A. Liau and A. Khoo",
title =        "Examining the influence of actual-ideal self-discrepancies, depression, and escapism, on pathological gaming among massively multiplayer online adolescent gamers",
journal =      "Cyberpsychology, Behavior, and Social Networking",
volume =       "14",
number =       "9",
pages =        "535-539",
year =         "2011"
}

@article{lieder2017-learningToSelectComputations,
title={Learning to select computations},
author={Lieder, Falk and Callaway, Frederick and Gul, Sayan and Krueger, Paul M and Griffiths, Thomas L},
journal={arXiv preprint arXiv:1711.06892},
year={2017}
}


@inproceedings{littman1994-markovGamesAsAFrameworkForMultiagentReinforcementLearning,
title={Markov games as a framework for multi-agent reinforcement learning},
author={Littman, Michael L},
booktitle={Proceedings of the eleventh international conference on machine learning},
volume={157},
pages={157--163},
year={1994}
}

@article{liu2017-pbodl,
  title={Pbodl: Parallel bayesian online deep learning for click-through rate prediction in tencent advertising system},
  author={Liu, Xun and Xue, Wei and Xiao, Lei and Zhang, Bo},
  journal={arXiv preprint arXiv:1707.00802},
  year={2017}
}

@article{liu,
author = {Liu, Ming and Peng, Wei},
title = {Cognitive and Psychological Predictors of the Negative Outcomes Associated with Playing MMOGs (Massively Multiplayer Online Games)},
journal = {Comput. Hum. Behav.},
issue_date = {November, 2009},
volume = {25},
number = {6},
month = nov,
year = {2009},
issn = {0747-5632},
pages = {1306--1311},
publisher = {Elsevier Science Publishers B. V.},
address = {Amsterdam, The Netherlands, The Netherlands},
} 

@article{locascio2019-resultsBlindSciencePublishing,
title={The Impact of Results Blind Science Publishing on Statistical Consultation and Collaboration},
author={Locascio, Joseph J},
journal={The American Statistician},
volume={73},
number={sup1},
pages={346--351},
year={2019},
publisher={Taylor \& Francis}
}


@inproceedings{lorenzano2002-concepcionEstructuralista,
title={La concepci{\'o}n estructuralista en el contexto de la filosof{\'\i}a de la ciencia del siglo XX},
author={Lorenzano, Pablo and D{\'\i}ez, Jos{\'e} A},
booktitle={Desarrollos actuales de la metateor{\'\i}a estructuralista: problemas y discusiones},
pages={13--78},
year={2002},
organization={Universidad Nacional de Quilmes}
}


@inproceedings{lowe2017-multiagentCooperativeCompetitiveEnvironments,
title={Multi-agent actor-critic for mixed cooperative-competitive environments},
author={Lowe, Ryan and Wu, Yi and Tamar, Aviv and Harb, Jean and Abbeel, OpenAI Pieter and Mordatch, Igor},
booktitle={Advances in Neural Information Processing Systems},
pages={6382--6393},
year={2017}
}


@book{luce1957-gamesAndDecisions,
title={Games and decisions: Introduction and critical surveys},
author={Luce, Robert and Raiffa, Howard},
year={1957},
publisher={Wiley New York}
}

@book{lumsden1981-genesMindCulture,
title={Genes, mind, and culture: The coevolutionary process},
author={Lumsden, Charles J and Wilson, Edward O},
year={1981},
publisher={World Scientific}
}



@article{Mahmassani,
author = "H. S. Mahmassani and R. B. Chen and R. B. Huang and D. Williams and N. Contactor",
title = "Time to Play?. Activity Engagement in Multiplayer Online Role-Playing Games",
year={1981},
publisher={World Scientific}
}



@article{Mahmassani,
author = "H. S. Mahmassani and R. B. Chen and R. B. Huang and D. Williams and N. Contactor",
title = "Time to Play?. Activity Engagement in Multiplayer Online Role-Playing Games",
journal = "Transportation Research Record: Journal of the Transportation Research Board",
volume = "2157",
pages = "129-137",
year = "2010"
}



@book{mackay2003-informationInferenceLearning,
title={Information theory, inference and learning algorithms},
author={MacKay, David JC and Mac Kay, David JC},
year={2003},
publisher={Cambridge university press},
}

@article{maddison2014-moveEvaluationGoDeepCNN,
title={Move evaluation in go using deep convolutional neural networks},
author={Maddison, Chris J and Huang, Aja and Sutskever, Ilya and Silver, David},
journal={arXiv preprint arXiv:1412.6564},
year={2014}
}


@inproceedings{mao2013-workerEngagementOnlineCrowdsourcing,
title={Why stop now? predicting worker engagement in online crowdsourcing},
author={Mao, Andrew and Kamar, Ece and Horvitz, Eric},
booktitle={First AAAI Conference on Human Computation and Crowdsourcing},
year={2013}
}

@article{mao2016-experimentalTeamSizeAndPerformance,
title={An experimental study of team size and performance on a complex task},
author={Mao, Andrew and Mason, Winter and Suri, Siddharth and Watts, Duncan J},
journal={PloS one},
volume={11},
number={4},
pages={e0153048},
year={2016},
publisher={Public Library of Science}
}

@book{malinowski2014-ethnography,
  title={Argonauts of the western Pacific},
  author={Malinowski, Bronislaw},
  year={2014},
  publisher={Routledge}
}

@article{marbach2012-wisdomOfCrowds,
title={Wisdom of crowds for robust gene network inference},
author={Marbach, Daniel and Costello, James C and K{\"u}ffner, Robert and Vega, Nicole M and Prill, Robert J and Camacho, Diogo M and Allison, Kyle R and Aderhold, Andrej and Bonneau, Richard and Chen, Yukun and Stolovitzky, Gustavo},
journal={Nature methods},
volume={9},
number={8},
pages={796},
year={2012},
publisher={Nature Publishing Group}
}

@book{marlowe2010-ethnography,
  title={The Hadza: hunter-gatherers of Tanzania},
  author={Marlowe, Frank},
  year={2010},
  publisher={Univ of California Press}
}

@article{marsili1998-optimizationPortfolio,
title={Dynamical optimization theory of a diversified portfolio},
author={Marsili, Matteo and Maslov, Sergei and Zhang, Yi-Cheng},
journal={Physica A: Statistical Mechanics and its Applications},
volume={253},
number={1-4},
pages={403--418},
year={1998},
publisher={Elsevier},
}

@inproceedings{martin2005-learningCurvesToEvaluateITS,
author = {Martin, Brent and Koedinger, Kenneth R. and Mitrovic, Antonija and Mathan, Santosh},
title = {On Using Learning Curves to Evaluate ITS},
booktitle = {Proceedings of the 2005 Conference on Artificial Intelligence in Education: Supporting Learning Through Intelligent and Socially Informed Technology},
year = {2005},
pages = {419--426},
publisher = {IOS Press},
address = {Amsterdam, The Netherlands, The Netherlands},
}

@book{Marx1867,
author    = "Karl Marx",
title     = "El capital: c\'itica de la econom\'ia pol\'itica. Tomo 1",
year      = "1867",
publisher = "Fondo de Cultura Econ\'omica",
isbn      = "968-16-0026-6", 
address   = "Espa\~na"
}

@article{maslin2015-theoriesAndConceptsOfEarlyHumanEvolution,
title={A synthesis of the theories and concepts of early human evolution},
author={Maslin, Mark A and Shultz, Susanne and Trauth, Martin H},
journal={Phil. Trans. R. Soc. B},
volume={370},
number={1663},
pages={20140064},
year={2015},
publisher={The Royal Society}
}

@article{mason2012-experiment,
  title={Collaborative learning in networks},
  author={Mason, Winter and Watts, Duncan J},
  journal=PNAS,
  volume={109},
  number={3},
  pages={764--769},
  year={2012},
  publisher={National Acad Sciences}
}

@inproceedings{mason2013-friendsAndCompetition,
title={Friends ftw! friendship and competition in halo: Reach},
author={Mason, Winter and Clauset, Aaron},
booktitle={Proceedings of the 2013 conference on Computer supported cooperative work},
pages={375--386},
year={2013},
organization={ACM}
}



@article{mauss1923-leDon,
title={Essai sur le don forme et raison de l\'echange dans les soci\'et\'es archa\"iques},
author={Mauss, Marcel},
journal={LâAnn\'ee sociologique},
volume={1},
pages={30--186},
year={1923},
publisher={JSTOR}
}

@article{maynardSmith1964-kinSelection,
title={Group selection and kin selection},
author={Smith, J Maynard},
journal={Nature},
volume={201},
pages={1145--1147},
year={1964}
}

@article{maynardSmith1973-animalConflict,
title={The logic of animal conflict},
author={Maynard Smith, J and Price, GR},
journal={Nature},
volume={246},
pages={15},
year={1973}
}

@book{maynardSmith1982-evolutionTheoryGames,
author    = "Maynard Smith, John",
title     = "Evolution and the Theory of Games",
year      = "1982",
publisher = "Cambridge University Press",
address   = "Cambridge, U.K."
}

@book{maynardSmith1995-majorTransitions,
author={Maynard Smith, J and Szathmary, E},
title={The Major Transitions in Evolution},
year={1995},
publisher={New York: Oxford University Press},
}

@article{maynardSmith1995-majorTransitionsReview,
author={Maynard Smith, J and Szathmary, E},
title={The Major Transitions in Evolution},
year={1995},
journal = {Nature},
volume = {374},
number = {6519},
pages = {227--232}
}

@inproceedings{Maystre2019,
  title = {Pairwise Comparisons with Flexible Time-Dynamics},
  author = {Maystre, Lucas and Kristof, Victor and Grossglauser, Matthias},
  booktitle = Proc # "of the 25th ACM SIGKDD " # Int # Conf # "on Knowledge Discovery \& Data Mining",
  pages = {1236--1246},
  year = 2019,
  doi = {10.1145/3292500.3330831},
  location = {Anchorage, AK, USA},
  publisher = ACM,
  address = {New York, NY, USA},
  isbn = {9781450362016},
}

@article{meta2022-diplomacy,
  title={Human-level play in the game of Diplomacy by combining language models with strategic reasoning},
  author={Meta Fundamental AI Research Diplomacy Team (FAIR) and Bakhtin, Anton and Brown, Noam and Dinan, Emily and Farina, Gabriele and Flaherty, Colin and Fried, Daniel and Goff, Andrew and Gray, Jonathan and Hu, Hengyuan and others},
  journal={Science},
  volume={378},
  number={6624},
  pages={1067--1074},
  year={2022},
  publisher={American Association for the Advancement of Science}
}

@article{meder2019-ergodicityBreaking,
title={Ergodicity-breaking reveals time optimal economic behavior in humans},
author={Meder, David and Rabe, Finn and Morville, Tobias and Madsen, Kristoffer H and Koudahl, Magnus T and Dolan, Ray J and Siebner, Hartwig R and Hulme, Oliver J},
journal={arXiv preprint arXiv:1906.04652},
year={2019},
}

@article{mehroof2010-onlineGamingAddiction,
author =       "M. Mehroof and M. D. Griffiths",
title =        "Online gaming addiction: the role of sensation seeking, self-control, neuroticism, aggression, state anxiety, and trait anxiety",
journal =      "Cyberpsychology, Behavior, and Social Networking",
volume =       "13",
number =       "3",
pages =        "313-316",
year =         "2010"
}

@book{mcelreath2008-mathematicalModelGuide,
title={Mathematical models of social evolution: A guide for the perplexed},
author={McElreath, Richard and Boyd, Robert},
year={2008},
publisher={University of Chicago Press}
}

@article{mcelreath2008-outsideLaboratorySocialLearningStrategies,
title={Beyond existence and aiming outside the laboratory: estimating frequency-dependent and pay-off-biased social learning strategies},
author={McElreath, Richard and Bell, Adrian V and Efferson, Charles and Lubell, Mark and Richerson, Peter J and Waring, Timothy},
journal={Philosophical Transactions of the Royal Society of London B: Biological Sciences},
volume={363},
number={1509},
pages={3515--3528},
year={2008},
publisher={The Royal Society}
}


@book{mcelreath2015-bayesianCourseWithRAndStan,
title =     {Statistical Rethinking: A Bayesian Course with Examples in R and Stan},
author =    {Richard McElreath},
publisher = {Chapman and Hall/CRC},
year =      {2015},
series =    {Chapman & Hall/CRC Texts in Statistical Science},
}


@book{mckinsey1952-introductionTheoryGames,
title={Introduction to the Theory of Games},
author={McKinsey, John Charles Chenoweth},
year={1952},
publisher={The Rand Corporation}
}

@inproceedings{mcmahan2013-ctr,
  title={Ad click prediction: a view from the trenches},
  author={McMahan, H Brendan and Holt, Gary and Sculley, David and Young, Michael and Ebner, Dietmar and Grady, Julian and Nie, Lan and Phillips, Todd and Davydov, Eugene and Golovin, Daniel and others},
  booktitle={Proceedings of the 19th ACM SIGKDD international conference on Knowledge discovery and data mining},
  pages={1222--1230},
  year={2013}
}

@MANUAL{MicrobenchmarkR,
  title  = {\pkg{microbenchmark}: Accurate Timing Functions},
  author = {Mersmann, Olaf and Beleites, Claudia and Hurling, Rainer and Friedman, Ari and Ulrich, Joshua M.},
  year   = 2011,
  month = 11,
  note   = {\proglang{R}~package version~1.4.9},
  url    = {https://cran.r-project.org/package=microbenchmark},
}

@article{migliano2017-hunterGathererNetwork,
title={Characterization of hunter-gatherer networks and implications for cumulative culture},
author={Migliano, AB and Page, AE and G{\'o}mez-Garde{\~n}es, J and Salali, GD and Viguier, S and Dyble, M and Thompson, J and Chaudhary, Nikhill and Smith, D and Strods, J and others},
journal={Nature Human Behaviour},
volume={1},
pages={0043},
year={2017},
publisher={Nature Publishing Group}
}

@article{migliano2020-model,
  title={Hunter-gatherer multilevel sociality accelerates cumulative cultural evolution},
  author={Migliano, Andrea B and Battiston, Federico and Viguier, Sylvain and Page, Abigail E and Dyble, Mark and Schlaepfer, Rodolph and Smith, Daniel and Astete, Leonora and Ngales, Marilyn and Gomez-Gardenes, Jesus and others},
  journal={Science Advances},
  volume={6},
  number={9},
  pages={eaax5913},
  year={2020},
  publisher={American Association for the Advancement of Science}
}

@techreport{minka1998-bayesianLinearRegression,
title={Bayesian linear regression},
author={Minka, Thomas},
year={1998 (revised 2010)},
}

@phdthesis{minka2001-approximateBayesianInference,
title={A family of algorithms for approximate Bayesian inference},
author={Minka, Thomas Peter},
year={2001},
school={Massachusetts Institute of Technology}
}

@inproceedings{minka2001-expectationPropagation,
title={Expectation propagation for approximate Bayesian inference},
author={Minka, Thomas P},
booktitle={Conference on Uncertainty in Artificial Intelligence},
pages={362--369},
year={2001},
organization={Morgan Kaufmann Publishers Inc.}
}

@article{minka2003-bayesianInferenceEntropy,
title={Bayesian inference, entropy, and the multinomial distribution},
author={Minka, Tom},
journal={Online tutorial},
year={2003}
}

@TECHREPORT{Minka2005,
    title = {Divergence Measures and Message Passing},
    author = {Minka, Tom},
    year = 2005,
    month = Jan,
    institution = {Microsoft Research},
    url = {https://www.microsoft.com/en-us/research/publication/divergence-measures-and-message-passing/},
    pages = 17,
    number = {MSR-TR-2005-173},
}

@techreport{minka2018-trueskill2,
title={Trueskill 2: An improved bayesian skill rating system},
author={Minka, Tom and Cleven, Ryan and Zaykov, Yordan},
year={2018},
publisher={Microsoft}
}



@article{mintz1951-nonAdaptiveGroupBehavior,
title={Non-adaptive group behavior},
author={Mintz, Alexander},
journal={The Journal of abnormal and social psychology},
volume={46},
number={2},
pages={150},
year={1951},
publisher={American Psychological Association}
}

@article{miu2018-cumulativeCultureOnlineProgrammingContests,
title={Innovation and cumulative culture through tweaks and leaps in online programming contests},
author={Miu, Elena and Gulley, Ned and Laland, Kevin N and Rendell, Luke},
journal={Nature Communications},
volume={9},
year={2018},
publisher={Nature Publishing Group}
}


@article{mesoudi2006-towardsUnifiedCulturalEvolution,
title={Towards a unified science of cultural evolution},
author={Mesoudi, Alex and Whiten, Andrew and Laland, Kevin N},
journal={Behavioral and Brain Sciences},
volume={29},
number={04},
pages={329--347},
year={2006},
publisher={Cambridge Univ Press}
}

@article{mesoudi2008-experiments,
  title={The multiple roles of cultural transmission experiments in understanding human cultural evolution},
  author={Mesoudi, Alex and Whiten, Andrew},
  journal={Philosophical Transactions of the Royal Society B: Biological Sciences},
  volume={363},
  number={1509},
  pages={3489--3501},
  year={2008},
  publisher={The Royal Society London}
}

@article{mesoudi2011-experimentalPayoffBiasedSocialLearningUnderused,
title={An experimental comparison of human social learning strategies: payoff-biased social learning is adaptive but underused},
author={Mesoudi, Alex},
journal={Evolution and Human Behavior},
volume={32},
number={5},
pages={334--342},
year={2011},
publisher={Elsevier}
}

@article{mesoudi2016-individualAndCulturalVariationSocialLearning,
title={The evolution of individual and cultural variation in social learning},
author={Mesoudi, Alex and Chang, Lei and Dall, Sasha RX and Thornton, Alex},
journal={Trends in ecology \& evolution},
volume={31},
number={3},
pages={215--225},
year={2016},
publisher={Elsevier}
}

@article{mesoudi2020-footballTactics,
  title={Cultural evolution of football tactics: strategic social learning in managersâ choice of formation},
  author={Mesoudi, Alex},
  journal={Evolutionary Human Sciences},
  volume={2},
  pages={e25},
  year={2020},
  publisher={Cambridge University Press}
}

@article{miller1956-magicalNumberSevenLimitsForProcessingInformation,
title={The magical number seven, plus or minus two: some limits on our capacity for processing information.},
author={Miller, George A},
journal={Psychological review},
volume={63},
number={2},
pages={81},
year={1956},
publisher={American Psychological Association}
}

@book{mitchell1997-machineLearning,
title={Machine Learning},
author={Mithell, Tom},
year={1997},
publisher={McGraw Hill}
}

@article{mnih2015-deepRL,
title={Human-level control through deep reinforcement learning},
author={Mnih, Volodymyr and Kavukcuoglu, Koray and Silver, David and Rusu, Andrei A and Veness, Joel and Bellemare, Marc G and Graves, Alex and Riedmiller, Martin and Fidjeland, Andreas K and Ostrovski, Georg and others},
journal={Nature},
volume={518},
number={7540},
pages={529--533},
year={2015},
publisher={Nature Publishing Group},
}

@article{molleman2014-individualDifferencesSocialLearningStrategies,
title={Consistent individual differences in human social learning strategies},
author={Molleman, Lucas and Van den Berg, Pieter and Weissing, Franz J},
journal={Nature Communications},
volume={5},
year={2014},
publisher={Nature Publishing Group}
}

@article{mori2016-estimatingHandicapEffect,
title={Estimating the Handicap Effect in the Go Game: A Regression Discontinuity Design Approach},
author={Mori, Kota},
journal={arXiv preprint arXiv:1606.05778},
year={2016},
}

@TECHREPORT{Mosser2011,
  title = {The Math Behind TrueSkill},
  author = {Mosser, Jeff},
  year = 2011,
  url ={http://www.moserware.com/assets/computing-your-skill/The%20Math%20Behind%20TrueSkill.pdf},
  note = {Last checked on \today},
}

@ARTICLE{Mosteller1951a,
  title = {Remarks on the Method of Paired Comparisons: I. The Least Squares Solution assuming Equal Standard Deviations and Equal Correlations},
  author = {Mosteller, Frederick},
  journal = {Psychometrika},
  volume = 16,
  number = 1,
  year = 1951,
  month = Mar,
  pages = {3--9},   
  publisher = Springer,
  doi = "10.1007/BF02313422",
  ISSN = "1860-0980",
}

@ARTICLE{Mosteller1951b,
  title = {Remarks on the method of paired comparisons: II. The Effect of an Aberrant Standard Deviation when Equal Standard Deviations and Equal Correlations are assumed},
  author = {Mosteller, Frederick},
  journal = {Psychometrika},
  volume = 16,
  number = 2,
  year = 1951,
  month = Jun,
  pages = {203--206},   
  publisher = Springer,
  doi = "10.1007/BF02289115",
  ISSN = "1860-0980",
}

@ARTICLE{Mosteller1951c,
  title = {Remarks on the Method of Paired Comparisons: III. A Test of Significance for Paired Comparisons when Equal Standard Deviations and Equal Correlations are assumed},
  author = {Mosteller, Frederick},
  journal = {Psychometrika},
  volume = 16,
  number = 2,
  year = 1951,
  month = Jun,
  pages = {207--218},
  publisher = Springer,
  doi = "10.1007/BF02289116",
  ISSN = "1860-0980",
}

@article{Mryglod14,
author = {{Mryglod}, O. and {Fuchs}, B. and {Szell}, M. and {Holovatch}, Y. and 
{Thurner}, S.},
title = {Interevent time distributions of human multi-level activity in a virtual world},
journal = {in review},
year = {2014},
note = {\pageref{Mryglod14}}
}

@article{muchnik2013-socialInfluenceBiasExperiment,
title={Social influence bias: A randomized experiment},
author={Muchnik, Lev and Aral, Sinan and Taylor, Sean J},
journal={Science},
volume={341},
number={6146},
pages={647--651},
year={2013},
publisher={American Association for the Advancement of Science}
}


@article{muller2010-evoidenceAnimalImitation,
title={Imitation and traditions in wild banded mongooses},
author={M{\"u}ller, Corsin A and Cant, Michael A},
journal={Current Biology},
volume={20},
number={13},
pages={1171--1175},
year={2010}
}

@book{murphy2004-ethnography,
  title={Women of the Forest},
  author={Murphy, Yolanda and Murphy, Robert F},
  year={2004},
  publisher={Columbia University Press}
}

@book{murra1975-formacion,
  title={Formaciones econ{\'o}micas y pol{\'\i}ticas del mundo andino},
  author={Murra, John V},
  year={1975},
  publisher={Instituto de estudios peruanos}
}

@book{murra1978-organizacion,
  title={La organizaci{\'o}n econ{\'o}mica del Estado Inca},
  author={Murra, John V},
  volume={11},
  year={1978},
  publisher={Siglo xxi}
}


@article{murre2011-powerLawAsAveragingOverExponentialFunctions,
title={Power laws from individual differences in learning and forgetting: mathematical analyses},
author={Murre, Jaap MJ and Chessa, Antonio G},
journal={Psychonomic bulletin \& review},
volume={18},
number={3},
pages={592--597},
year={2011},
publisher={Springer}
}

@article{muthukrishna2014-experiment,
  title={Sociality influences cultural complexity},
  author={Muthukrishna, Michael and Shulman, Ben W and Vasilescu, Vlad and Henrich, Joseph},
  journal={Proceedings of the Royal Society B: Biological Sciences},
  volume={281},
  number={1774},
  pages={20132511},
  year={2014},
  publisher={The Royal Society}
}

@article{muthukrishna2016-whenAndWhoSocialLearning,
title={The when and who of social learning and conformist transmission},
author={Muthukrishna, Michael and Morgan, Thomas JH and Henrich, Joseph},
journal={Evolution and Human Behavior},
volume={37},
number={1},
pages={10--20},
year={2016},
publisher={Elsevier}
}

@book{maynardSmith1982-evolutionGameTheory,
author    = "Maynard Smith, Jhon",
title     = "Evolution and the Theory of Games",
year      = "1982",
publisher = "Cambridge University Press",
address   = "Cambridge, U.K."
}

@article{nash1950-phd_nonCooperativeGames,
title={Non-cooperative games},
author={Nash, John},
journal={PhD thesis},
pages={1--27},
year={1950},
publisher={Princeton University}
}


@article{nash1951-nonCooperativeGames,
title={Non-cooperative games},
author={Nash, John},
journal={Annals of mathematics},
pages={286--295},
year={1951},
publisher={JSTOR}
}

@book{needham2004-generalConclusionsAndReflections,
  title={Science and Civilization in China. Vol 7 Pt 2. General Conclusions and Reflections.},
  author={Needham, Joseph and Girdwood Robinson, Kenneth and Huang, Ray and Elvin, Mark},
  year={2004},
  publisher={University Press}
}

@book{newell1972-humanProblemSolving,
title={Human problem solving},
author={Newell, Allen and Simon, Herbert Alexander},
year={1972},
publisher={Prentice-Hall Englewood Cliffs, NJ}
}


@article{newell1976-computerScienceAsEmpiricalInquiry,
title={Computer science as empirical inquiry: Symbols and search},
author={Newell, Allen and Simon, Herbert A},
journal={Communications of the ACM},
volume={19},
number={3},
pages={113--126},
year={1976},
publisher={ACM}
}

@inbook{Newell1981,
  chapter = {Mechanisms of skill acquisition and the law of practice},
  title = {Cognitive skills and their acquisition},
  author = {Newell, Allen and Rosenbloom, Paul S and Anderson, John R},
  publisher = {Psychology Press},
  pages = {1--55},
  year = 1981,
  month = May,
  isbn = {9780898590937},
}

@article{newman2005-currentFlow,
  title={A measure of betweenness centrality based on random walks},
  author={Newman, Mark EJ},
  journal={Social networks},
  volume={27},
  number={1},
  pages={39--54},
  year={2005},
  publisher={Elsevier}
}

@article{Newman2006,
title = {Finding community structure in networks using the eigenvectors of matrices},
author = {Newman, M. E. J.},
journal = {Phys. Rev. E},
volume = {74},
issue = {3},
pages = {036104},
numpages = {19},
year = {2006},
month = {Sep},
publisher = {American Physical Society}
}

@inproceedings{ng2000-algorithmsForIRL,
title={Algorithms for inverse reinforcement learning.},
author={Ng, Andrew Y and Russell, Stuart J and others},
booktitle={ICML},
volume={1},
pages={663--670},
year={2000},
}

@book{nisan2007-algorithmicGameTheory,
author = {Nisan, Noam and Roughgarden, Tim and Tardos, Eva and Vazirani, Vijay V.},
title = {Algorithmic Game Theory},
year = {2007},
isbn = {0521872820},
publisher = {Cambridge University Press},
address = {New York, NY, USA},
} 


@article{nowak2006-rulesForCooperation,
author =       "Martin A. Nowak",
title =        "Five rules for the evolution of cooperation",
journal =      "Science",
note = 	"Review",
volume =       "314",
number =       "5805",
pages =        "1560-1563",
year =         "2006",
}

@article{Nowak92,
author =       "Martin A. Nowak and Robert M. May",
title =        "Evolutionary games and spatial chaos",
journal =      "Nature",
volume =       "359",
number =       "6398",
pages =        "826-829",
year =         "1992"
}

@article{Nowak05,
author =       "Martin A. Nowak and Karl Sigmund",
title =        "Evolution of indirect reciprocity",
note =	 "Review",
journal =      "Nature",
volume =       "437",
number =       "7063",
pages =        "1291-1298",
year =         "2005"
}

@article{nowak2010-eusociality,
title={The evolution of eusociality},
author={Nowak, Martin A and Tarnita, Corina E and Wilson, Edward O},
journal={Nature},
volume={466},
number={7310},
pages={1057--1062},
year={2010},
publisher={Nature Publishing Group}
}

@INPROCEEDINGS{lauer2000-distributedReinforcementLearning,
author = {Martin Lauer and Martin Riedmiller},
title = {An Algorithm for Distributed Reinforcement Learning in Cooperative Multi-Agent Systems},
booktitle = {In Proceedings of the Seventeenth International Conference on Machine Learning},
year = {2000},
pages = {535--542},
publisher = {Morgan Kaufmann}
}

@article{ohtsuki06,
author =       "Hisashi Ohtsuki and Christoph Hauert and Erez Lieberman and Martin A. Nowak",
title =        "A simple rule for the evolution of cooperation on graphs and social networks.",
journal =      "Nature",
volume =       "441",
number =       "7092",
pages =        "502-505",
year =         "2006"
}

@article{ohtsuki07,
author =       "Hisashi Ohtsuki and Yoh Iwasa",
title =        "Global analyses of evolutionary dynamics and exhaustive search for social norms that maintain cooperation by reputation",
journal =      "Journal of Theoretical Biology",
volume =       "244",
number =       "3",
pages =        "518-531",
year =         "2007"
}

@ARTICLE{Onnela07,
author = {{Onnela}, J.-P. and {Saram{\"a}ki}, J. and {Hyv{\"o}nen}, J. and 
{Szab{\'o}}, G. and {Argollo de Menezes}, M. and {Kaski}, K. and 
{Barab{\'a}si}, A.-L. and {Kert{\'e}sz}, J.},
title = {Analysis of a large-scale weighted network of one-to-one human communication},
journal = {New Journal of Physics},
eprint = {physics/0702158},
year = {2007},
month = {jun},
volume = {9},
pages = {179}
}

@article{orkin2007-learningSocialBehaviorOnlineGame,
author =       "Jeff Orkin and Deb Roy",
title =        "The Restaurant Game: Learning Social Behavior and Language from Thousands of Players Online",
journal =      "Journal of Game Development",
volume =       "3",
number =       "1",
pages =        "39 - 60",
year =         "2007",
}

@book{ostrom1990,
author    = "Elinor Ostrom",
title     = "Governing the commons. The Evolution of Institutions for Collective Action",
year      = "1990",
isbn      = "0-521-40599-8",
publisher = "Cambridge University Press",
address   = "Cambridge"
}

@article{ostrom2010,
  title={Beyond markets and states: polycentric governance of complex economic systems},
  author={Ostrom, Elinor},
  journal={American economic review},
  volume={100},
  number={3},
  pages={641--72},
  year={2010}
}


@inproceedings{orkin2009-socialBehaviorFromCollectiveHumanGameplay,
author = {Orkin, Jeff and Roy, Deb},
title = {Automatic Learning and Generation of Social Behavior from Collective Human Gameplay},
booktitle = {Proceedings of The 8th International Conference on Autonomous Agents and Multiagent Systems - Volume 1},
series = {AAMAS '09},
year = {2009},
pages = {385--392},
publisher = {International Foundation for Autonomous Agents and Multiagent Systems},
address = {Richland, SC}
} 


@article{owen2010-brainTraining,
title={Putting brain training to the test},
author={Owen, Adrian M and Hampshire, Adam and Grahn, Jessica A and Stenton, Robert and Dajani, Said and Burns, Alistair S and Howard, Robert J and Ballard, Clive G},
journal={Nature},
volume={465},
number={7299},
pages={775--778},
year={2010},
publisher={Nature Research}
}

@article{padilla2022-interconnectivity,
  title={Population interconnectivity over the past 120,000 years explains distribution and diversity of Central African hunter-gatherers},
  author={Padilla-Iglesias, Cecilia and Atmore, Lane M and Olivero, Jes{\'u}s and Lupo, Karen and Manica, Andrea and Arango Isaza, Epifan{\'\i}a and Vinicius, Lucio and Migliano, Andrea Bamberg},
  journal={Proceedings of the National Academy of Sciences},
  volume={119},
  number={21},
  pages={e2113936119},
  year={2022},
  publisher={National Acad Sciences}
}

@article{panger2002-foragingBehaviorCapuchins,
title={Cross-site differences in foraging behavior of white-faced capuchins (Cebus capucinus)},
author={Panger, Melissa A and Perry, Susan and Rose, Lisa and Gros-Louis, Julie and Vogel, Erin and Mackinnon, Katherine C and Baker, Mary},
journal={American Journal of Physical Anthropology},
volume={119},
number={1},
pages={52--66},
year={2002},
publisher={Wiley Online Library}
}

@article{parmelee2012-teamBasedLearning_TM,
title={Team-based learning: A practical guide: AMEE Guide No. 65},
author={Parmelee, Dean and Michaelsen, Larry K and Cook, Sandy and Hudes, Patricia D},
journal={Medical teacher},
volume={34},
number={5},
pages={e275--e287},
year={2012},
publisher={Taylor \& Francis}
}

@ARTICLE{Pearl1986,
  title = {Fusion, propagation, and structuring in belief networks},
  author = {Pearl, Judea},
  journal = ArtifIntell,
  volume = 29,
  number = 3,
  pages = {241--288},
  year = 1986,
  publisher = {Elsevier},
  doi = "10.1016/0004-3702(86)90072-X",
  issn = "0004-3702",
}

@book{pearl1988-probabilisticReasoningInIntelligentSystems,
title={Probabilistic reasoning in intelligent systems: networks of plausible inference},
author={Pearl, Judea},
year={1988},
publisher={Morgan Kaufmann}
}


@book{pearl2009-causality,
  title={Causality},
  author={Pearl, Judea},
  year={2009},
  publisher={Cambridge university press}
}

@book{pearl2016-causalInference,
  title={Causal inference in statistics: A primer},
  author={Pearl, Judea and Glymour, Madelyn and Jewell, Nicholas P},
  year={2016},
  publisher={John Wiley \& Sons}
}

@article{pelanek2016-eloEducational,
title={Applications of the Elo rating system in adaptive educational systems},
author={Pel\'anek, Radek},
journal={Computers \& Education},
volume={98},
pages={169--179},
year={2016},
publisher={Elsevier},
}


@book{pena2012-secondaryMechanismsEvolutionCooperation,
author    = "Jorge A. PeÃ±a Suarez",
title     = "Conformity, upstream reciprocity and social diversity: secondary mechanisms for the evolution of cooperation",
year      = "2012",
publisher = "Thesis, University of Lausanne",
address   = "Swisse"
}


@book{penaDaniel,
author    = "Pe\~na, Daniel",
title     = "An\'alisis de datos multivariantes",
isbn      = "9788448136109",
year      = "2002",
publisher = "Mcgraw-hill. Interamericana de Espa\~na",
address   = "Espa\~na"
}

@inproceedings{perolat2017-marlOfCommonPoolResourceAppropriation,
title={A multi-agent reinforcement learning model of common-pool resource appropriation},
author={Perolat, Julien and Leibo, Joel Z and Zambaldi, Vinicius and Beattie, Charles and Tuyls, Karl and Graepel, Thore},
booktitle={Advances in Neural Information Processing Systems},
pages={3646--3655},
year={2017}
}

@article{peters2011-timeResolutionStPetersburgParadox,
title={The time resolution of the St Petersburg paradox},
author={Peters, Ole},
journal={Philosophical Transactions of the Royal Society A: Mathematical, Physical and Engineering Sciences},
volume={369},
number={1956},
pages={4913--4931},
year={2011},
publisher={The Royal Society Publishing}
}

@article{peters2015-evolutionaryAdvantageOfCooperation,
title={An evolutionary advantage of cooperation},
author={Peters, Ole and Adamou, Alexander},
journal={arXiv preprint arXiv:1506.03414},
year={2015},
}

@article{peters2015-insurance,
title={Insurance makes wealth grow faster},
author={Peters, Ole and Adamou, Alexander},
journal={arXiv preprint arXiv:1507.04655},
year={2015},
}

@article{peters2016-gamblesDynamics,
title={Evaluating gambles using dynamics},
author={Peters, Ole and Gell-Mann, Murray},
journal={Chaos: An Interdisciplinary Journal of Nonlinear Science},
volume={26},
number={2},
pages={023103},
year={2016},
publisher={AIP Publishing LLC},
}

@article{peters2019-ergodicityEconomics,
title={The ergodicity problem in economics},
author={Peters, Ole},
journal={Nature Physics},
volume={15},
number={12},
pages={1216--1221},
year={2019},
publisher={Nature Publishing Group},
}

@book{petersDRAFT-ergodicityEconomicsBook,
title={Ergodicity Economics},
author={Peters, Ole and Adamou, Alexander},
journal={London Mathematical Laboratory},
year={2018},
}


@article{peters-cooperation2019.03.04,
title={An evolutionary advantage of cooperation},
author={Peters, Ole and Adamou, Alexander},
journal={Reserchers One},
year={2019}
}


@book{pilling1960-ethnography,
  title={The Tiwi of North Australia},
  author={Pilling, Arnold R and Hart, CWM},
  year={1960},
  publisher={New York: Holt}
}

@article{pinker2010-cognitiveNiche,
title={The cognitive niche: Coevolution of intelligence, sociality, and language},
author={Pinker, Steven},
journal=PNAS,
volume={107},
number={Supplement 2},
pages={8993--8999},
year={2010},
publisher={National Acad Sciences}
}

@techreport{pisa2018-model,
title={Technical Report: Scaling PISA data},
author={PISA},
year={2018},
publisher={OECD}
}

@inproceedings{pobiedina2013-teamFormation,
title={On successful team formation: Statistical analysis of a multiplayer online game},
author={Pobiedina, Nataliia and Neidhardt, Julia and Moreno, Maria del Carmen Calatrava and Grad-Gyenge, Laszlo and Werthner, Hannes},
booktitle={Business Informatics (CBI), 2013 IEEE 15th Conference on},
pages={55--62},
year={2013},
organization={IEEE}
}

@book{pomeranz2000-divergence,
  title={The Great Divergence: China, Europe, and the Making of the Modern World Economy.},
  author={Pomeranz, Kenneth},
  year={2000},
  publisher={Princeton University Press}
}


@book{pomeranz2018-tradeCreated,
  title={The World That Trade Created: Society, Culture, and the World Economy, 1400 to the Present (4th edition)},
  author={Pomeranz, Kenneth and Topik, Steven},
  year={2018},
  publisher={Routledge}
}


@inbook{pomerleau1989,
  title = {Alvinn: An autonomous land vehicle in a neural network},
  author = {Pomerleau, Dean A},
  editor = {David S. Touretzky},
  booktitle = {Advances in neural information processing systems I},
  pages = {305--313},
  year = 1989,
  month = Feb,
  publisher = {Morgan Kaufmann Publishers},
  isbn = {1-558-60015-9},
}

@article{pomerleau1991-behavioralCloning,
title={Efficient training of artificial neural networks for autonomous navigation},
author={Pomerleau, Dean A},
journal={Neural computation},
volume={3},
number={1},
pages={88--97},
year={1991},
publisher={MIT Press}
}

@article{powell2009-demographyCCE,
  title={Late Pleistocene demography and the appearance of modern human behavior},
  author={Powell, Adam and Shennan, Stephen and Thomas, Mark G},
  journal={Science},
  volume={324},
  number={5932},
  pages={1298--1301},
  year={2009},
  publisher={American Association for the Advancement of Science},
}

@article{prichard2006-collaborativeLearning,
title={Team-skills training enhances collaborative learning},
author={Prichard, Jane S and Stratford, Robert J and Bizo, Lewis A},
journal={Learning and instruction},
volume={16},
number={3},
pages={256--265},
year={2006},
publisher={Elsevier}
}


@book{pulliam1980-programmedToLearn,
title={Programmed to learn: An essay on the evolution of culture},
author={Pulliam, H Ronald and Dunford, Christopher},
year={1980},
publisher={Columbia University Press}
}

@inbook{R_nls,
author    = "Fox, John and Weisberg, Sanford",
title     = "An R Companion to Applied Regression",
editor	= "Fox, John and Weisberg, Sanford",
chapter	= "Nonlinear Regression and Nonlinear Least Squares in R",
pages	= "1-17",
year      = "2011",
publisher = "Sage",
address   = "Canada"
}


@article{Raghavan2007,
title = {Near linear time algorithm to detect community structures in large-scale networks},
author = {Raghavan, Usha Nandini and Albert, R\'eka and Kumara, Soundar},
journal = {Phys. Rev. E},
volume = {76},
issue = {3},
pages = {036106},
numpages = {11},
year = {2007},
month = {Sep},
publisher = {American Physical Society}
}

@article{rankin2007-tragedyCommonsBiology,
  title={The tragedy of the commons in evolutionary biology},
  author={Rankin, Daniel J and Bargum, Katja and Kokko, Hanna},
  journal={Trends in ecology \& evolution},
  volume={22},
  number={12},
  pages={643--651},
  year={2007},
  publisher={Elsevier}
}


@article{rankin,
author =       "Daniel J. Rankin and Michael Taborsky",
title =        "Assortment and the evolution of generalized reciprocity",
journal =      "Evolution",
volume =       "63",
number =       "7",
pages =        "1913-1925",
year =         "2009"
}

@book{rapoport1965-prisonerDilemma,
title={Prisoner's dilemma: A study in conflict and cooperation},
author={Rapoport, Anatol and Chammah, Albert M},
volume={165},
year={1965},
publisher={University of Michigan press}
}

@book{reichl2016-bookStatisticalPhysics,
title={A modern course in statistical physics (4th edition)},
author={Reichl, Linda E},
year={2016},
publisher={Wiley-Vch},
}

@article{rendell2010-socialLearningTournament,
title={Why copy others? Insights from the social learning strategies tournament},
author={Rendell, Luke and Boyd, Robert and Cownden, Daniel and Enquist, Marquist and Eriksson, Kimmo and Feldman, Marc W and Fogarty, Laurel and Ghirlanda, Stefano and Lillicrap, Timothy and Laland, Kevin N},
journal={Science},
volume={328},
number={5975},
pages={208--213},
year={2010},
publisher={American Association for the Advancement of Science}
}

@article{rendell2010-rogersParadoxRecastAndesolved,
title={Rogers' paradox recast and resolved: population structure and the evolution of social learning strategies},
author={Rendell, Luke and Fogarty, Laurel and Laland, Kevin N},
journal={Evolution},
volume={64},
number={2},
pages={534--548},
year={2010},
publisher={Wiley Online Library}
}

@article{rendell2011-cognitiveCulture,
title={Cognitive culture: theoretical and empirical insights into social learning strategies},
author={Rendell, Luke and Fogarty, Laurel and Hoppitt, William JE and Morgan, Thomas JH and Webster, Mike M and Laland, Kevin N},
journal={Trends in cognitive sciences},
volume={15},
number={2},
pages={68--76},
year={2011},
publisher={Elsevier}
}


@article{richerson2000-evolutionOfCognition,
title={Climate, culture and the evolution of cognition},
author={Richerson, Peter J and Boyd, Robert},
journal={The evolution of cognition},
pages={329--45},
year={2000}
}

@INBOOK{Richerson2003,
  author = "Peter J. Richerson and Robert Boyd and Joe Henrich",
  title = "Genetic and Cultural Evolution of Cooperation (Dahlem Workshop Reports)",       
  chapter = "The cultural evolution of human cooperation",
  editor = "Hammerstein, Peter",
  pages = "357-388",
  year = "2003",
  address = "Cambridge,  MA,  US",
  publisher = "MIT Press",
  isbn = "0-262-08326-4",
}

@book{richerson2005-notByGenesAlone,
title={Not by genes alone},
author={Richerson, Peter J and Boyd, Robert},
year={2005},
publisher={Chicago: University of Chicago Press}
}


@ARTICLE{Richerson2010,
  title = {Gene-culture coevolution in the age of genomics},
  author = {Richerson, Peter J and Boyd, Robert and Henrich, Joseph},
  journal = PNAS,
  volume = 107,
  number = {Supplement 2},
  pages = {8985--8992},
  year = 2010,
  month = May,
  doi = "10.1073/pnas.0914631107",
  publisher = NAS,
}

@ARTICLE{Richerson2020,
  title = {The Human Life History is adapted to exploit the Adaptive Advantages of Culture},
  author = {Richerson, Peter J and Boyd, Robert},
  journal = PhilosTRSocB,
  volume = 375,
  number = 1803,
  pages = 20190498,
  year = 2020,
  month = Jul,
  publisher = {The Royal Society},
  doi = "10.1098/rstb.2019.0498",
  issn = "0962-8436",
}

@inproceedings{riedmiller1993-RPROP,
  title={A direct adaptive method for faster backpropagation learning: The RPROP algorithm},
  author={Riedmiller, Martin and Braun, Heinrich},
  booktitle={IEEE international conference on neural networks},
  pages={586--591},
  year={1993},
  organization={IEEE},
  note={MÃ©todo usado para optimizar los paramentros en minka2018-trueskill2}
}

@article{rigoli2017-bayesianAccountOfContextualEffectsInChoice,
title={A unifying Bayesian account of contextual effects in value-based choice},
author={Rigoli, Francesco and Mathys, Christoph and Friston, Karl J and Dolan, Raymond J},
journal={PLOS Computational Biology},
volume={13},
number={10},
pages={e1005769},
year={2017},
publisher={Public Library of Science}
}

@inbook{ritter2001-learningCurve,
chapter={The learning curve},
title={International encyclopedia of the social and behavioral sciences},
author={Ritter, Frank E and Schooler, Lael J},
editor={Smelser, N and Baltes, P},
publisher={Elsevier},
pages={8602--8605},
year={2001}
}

@article{ritz2017-controlModelOfAdaptiveBehavior,
title={A control theoretic model of adaptive behavior in dynamic environments},
author={Ritz, Harrison and Nassar, Matthew R and Frank, Michael J and Shenhav, Amitai},
journal={bioRxiv},
pages={204271},
year={2017},
publisher={Cold Spring Harbor Laboratory}
}

@techreport{rochat2009,
  title={Closeness centrality extended to unconnected graphs: The harmonic centrality index},
  author={Rochat, Yannick},
  booktitle={Application of Social Network Analysys},
  year={2009}
}

@article{rogers1988-doesBiologyConstrainCulture,
title={Does biology constrain culture?},
author={Rogers, Alan R},
journal={American Anthropologist},
volume={90},
number={4},
pages={819--831},
year={1988},
publisher={Wiley Online Library}
}

@book{romero1967-revolucionBurguesa,
  title={La revoluci{\'o}n burguesa en el mundo feudal},
  author={Romero, Jos{\'e} Luis},
  publisher={Sudamericana},
  year={1967}
}

@article{roring2007-expertiseInChessAcrossLifeSpan,
title={A multilevel model analysis of expertise in chess across the life span.},
author={Roring, Roy W and Charness, Neil},
journal={Psychology and aging},
volume={22},
number={2},
pages={291},
year={2007},
publisher={American Psychological Association}
}

@article{roscoe2007-understandingTutorLearning,
title={Understanding tutor learning: Knowledge-building and knowledge-telling in peer tutorsâ explanations and questions},
author={Roscoe, Rod D and Chi, Michelene TH},
journal={Review of Educational Research},
volume={77},
number={4},
pages={534--574},
year={2007},
publisher={Sage Publications}
}

@book{rosenthal1978-socialLearning,
title={Social learning and cognition},
author={Rosenthal, Ted L and Zimmerman, Barry J},
year={1978},
publisher={Academic Press}
}

@article{ross2014-newFrontiersCoEvoltion,
title={New frontiers in the study of human cultural and genetic evolution},
author={Ross, Cody T and Richerson, Peter J},
journal={Current opinion in genetics \& development},
volume={29},
pages={103--109},
year={2014},
publisher={Elsevier}
}

@inproceedings{ross2011-imitationLearning,
title={A reduction of imitation learning and structured prediction to no-regret online learning},
author={Ross, St{\'e}phane and Gordon, Geoffrey and Bagnell, Drew},
booktitle={Proceedings of the fourteenth international conference on artificial intelligence and statistics},
pages={627--635},
year={2011}
}

@book{Rousseau1762,
author    = "Jean-Jacques Rousseau",
title     = "El contrato social: o los principios del derecho pol\'itico",
year      = "1762",
isbn      = "9788430945771",
publisher = "Tecnos",
address   = "Espa\~na"
}


@INPROCEEDINGS{roy2013-socializationAndTrustFormation,
author={Roy, A and Borbora, Z.H. and Srivastava, J.},
booktitle={Advances in Social Networks Analysis and Mining (ASONAM), 2013 IEEE/ACM International Conference on},
title={Socialization and trust formation: A mutual reinforcement? An exploratory analysis in an online virtual setting},
year={2013},
month={Aug},
pages={653-660}
}

@inproceedings{russell1998-learningAgents,
title={Learning agents for uncertain environments},
author={Russell, Stuart},
booktitle={Proceedings of the eleventh annual conference on Computational learning theory},
pages={101--103},
year={1998},
}

@article{ruyle1973-geneticCulturalPools,
title={Genetic and cultural pools: Some suggestions for a unified theory of biocultural evolution},
author={Ruyle, Eugene E},
journal={Human Ecology},
volume={1},
number={3},
pages={201--215},
year={1973},
publisher={Springer}
}

@inproceedings{sadigh2016-humanInternalState,
title={Information gathering actions over human internal state},
author={Sadigh, Dorsa and Sastry, S Shankar and Seshia, Sanjit A and Dragan, Anca},
booktitle={2016 IEEE/RSJ International Conference on Intelligent Robots and Systems (IROS)},
pages={66--73},
year=2016,
organization={IEEE},
}

@book{salcedo2014-agriculturafamiliar,
  title={Agricultura familiar en Am{\'e}rica Latina y el Caribe: recomendaciones de pol{\'\i}tica},
  author={Salcedo, Salom{\'o}n and Guzm{\'a}n, Lya and others},
  publisher={Santiago: fAO},
  year={2014}
}

@article{salimans2017-evolutionStrategiesAsScalableAlternativeToReinforcementLearning,
title={Evolution strategies as a scalable alternative to reinforcement learning},
author={Salimans, Tim and Ho, Jonathan and Chen, Xi and Sutskever, Ilya},
journal={arXiv preprint arXiv:1703.03864},
year={2017}
}

@book{samaja1999-epistemologiaYMetodologia,
title={Epistemolog{\'i}a y metodolog{\'i}a: elementos para una teor{\'i}a de la investigaci{\'o}n cient{\'i}fica},
author={Samaja, Juan},
number={165/168},
year={1999},
publisher={EUDEBA}
}

@article{santos,
author =       "Francisco C. Santos and Marta D. Santos and Jorge M. Pacheco",
title =        "Social diversity promotes the emergence of cooperation in public goods games",
journal =      "Nature",
volume =       "454",
number =       "7201",
pages =        "213-216",
year =         "2008"
}


@article{schaeffer2007-checkersSolved,
title={Checkers is solved},
author={Schaeffer, Jonathan and Burch, Neil and Bj{\"o}rnsson, Yngvi and Kishimoto, Akihiro and M{\"u}ller, Martin and Lake, Robert and Lu, Paul and Sutphen, Steve},
journal={science},
volume={317},
number={5844},
pages={1518--1522},
year={2007},
publisher={American Association for the Advancement of Science}
}

@article{schaal1999-imitationLearning,
title={Is imitation learning the route to humanoid robots?},
author={Schaal, Stefan},
journal={Trends in cognitive sciences},
volume={3},
number={6},
pages={233--242},
year={1999},
publisher={Elsevier},
}

@article{scodel1959-aspectsOfTwoPersosNonZeroSumGames,
title={Some descriptive aspects of two-person non-zero-sum games},
author={Scodel, Alvin and Minas, J Sayer and Ratoosh, Philburn and Lipetz, Milton},
journal={Journal of Conflict Resolution},
volume={3},
number={2},
pages={114--119},
year={1959},
publisher={Sage Publications Sage CA: Thousand Oaks, CA}
}

@inproceedings{seay,
author = {Seay, A. Fleming and Jerome, William J. and Lee, Kevin Sang and Kraut, Robert E.},
title = {Project Massive: A Study of Online Gaming Communities},
booktitle = {CHI '04 Extended Abstracts on Human Factors in Computing Systems},
series = {CHI EA '04},
year = {2004},
pages = {1421-1424},
publisher = {ACM},
address = {New York, NY, USA},
} 

@book{segato2003-estructuras,
  title={Las estructuras elementales de la violencia},
  author={Segato, Rita},
  journal={Bernal: Universidad Nacional de Quilmes},
  year={2003}
}

@book{segato2013-colonialidad,
  title={La cr{\'\i}tica de la colonialidad en ocho ensayos.},
  author={Segato, Rita Laura},
  year={2013},
  publisher={Prometeo libros}
}

@book{segato2016-guerraContraLasMujeres,
title={La guerra contra las mujeres},
author={Segato, Rita Laura},
year={2016},
publisher={Traficantes de sue{\~n}os Espa{\~n}a}
}

@book{segato2018-contraPedagogia,
  title={Contra-pedagog{\'\i}as de la crueldad},
  author={Segato, Rita},
  year={2018},
  publisher={Editorial Prometeo}
}


@incollection{selye1975-homeostasisHeterostasis,
title={Homeostasis and heterostasis},
author={Selye, Hans},
booktitle={Trauma},
pages={25--29},
year={1975},
publisher={Springer}
}

@article{shahriari2016-reviewOfBayesianOptimization,
title={Taking the human out of the loop: A review of bayesian optimization},
author={Shahriari, Bobak and Swersky, Kevin and Wang, Ziyu and Adams, Ryan P and de Freitas, Nando},
journal={Proceedings of the IEEE},
volume={104},
number={1},
pages={148--175},
year={2016},
publisher={IEEE}
}


@article{shalizi2009-replicatorAsInference,
  title={Dynamics of Bayesian updating with dependent data and misspecified models},
  author={Shalizi, Cosma Rohilla},
  journal={Electronic Journal of Statistics},
  volume={3},
  pages={1039--1074},
  year={2009},
  publisher={Institute of Mathematical Statistics and Bernoulli Society}
}

@article{shannon1948-theoryOfCommunication,
title={A mathematical theory of communication},
author={Shannon, Claude Elwood},
journal={Bell system technical journal},
volume={27},
number={3},
pages={379--423},
year={1948},
publisher={Wiley Online Library},
}

@INPROCEEDINGS{Sheikholeslami98,
author = {Gholamhosein Sheikholeslami and Surojit Chatterjee and Aidong Zhang},
title = {Wavecluster: A multi-resolution clustering approach for very large spatial databases},
booktitle = {Proceedings of the 24th VLDB Conference},
year = {1998},
pages = {428--439}
}


@article{shennan2001-demographyAndCulture,
  title={Demography and cultural innovation: a model and its implications for the emergence of modern human culture},
  author={Shennan, Stephen},
  journal={Cambridge archaeological journal},
  volume={11},
  number={1},
  pages={5--16},
  year={2001},
  publisher={Cambridge University Press}
}

@article{shepherd2021-statisticalPractice,
  title={Bringing physical reasoning into statistical practice in climate-change science},
  author={Shepherd, Theodore G},
  journal={Climatic Change},
  volume={169},
  number={1},
  pages={1--19},
  year={2021},
  publisher={Springer}
}

@inproceedings{shim2010-teamPerformancePrediction,
title={Team performance prediction in massively multiplayer online role-playing games (MMORPGs)},
author={Shim, Kyong Jin and Srivastava, Jaideep},
booktitle={Social Computing (SocialCom), 2010 IEEE Second International Conference on},
pages={128--136},
year={2010},
organization={IEEE}
}


@INPROCEEDINGS{shim2011-mentoringOnlinePlayerPerformance,
author={Kyong Jin Shim and Kuo-Wei Hsu and Srivastava, J.},
booktitle={Advances in Social Networks Analysis and Mining (ASONAM), 2011 International Conference on},
title={Modeling Player Performance in Massively Multiplayer Online Role-Playing Games: The Effects of Diversity in Mentoring Network},
year={2011},
month={July},
pages={438-442}
}

@inproceedings{shum2019-theoryOfMindInversePlanning,
title={Theory of minds: Understanding behavior in groups through inverse planning},
author={Shum, Michael and Kleiman-Weiner, Max and Littman, Michael L and Tenenbaum, Joshua B},
booktitle={Proceedings of the AAAI Conference on Artificial Intelligence},
volume={33},
pages={6163--6170},
year=2019,
}

@incollection{siddiqui2018-toolsMiningSoftwareRepositories,
title={Data Mining Tools and Techniques for Mining Software Repositories: A Systematic Review},
author={Siddiqui, Tamanna and Ahmad, Ausaf},
booktitle={Big Data Analytics},
pages={717--726},
year={2018},
publisher={Springer}
}

@article{sidowski1956-reinforcementAndPunishment,
title={The influence of reinforcement and punishment in a minimal social situation.},
author={Sidowski, Joseph B and Wyckoff, L Benjamin and Tabory, Leon},
journal={The Journal of Abnormal and Social Psychology},
volume={52},
number={1},
pages={115},
year={1956},
publisher={American Psychological Association}
}

@ARTICLE{sigman2010-chess,
AUTHOR={Sigman, Mariano and Etchemendy, Pablo and Fernandez Slezak, Diego and Cecchi, Guillermo},   
TITLE={Response Time Distributions in Rapid Chess: A Large-Scale Decision Making Experiment},      
JOURNAL={Frontiers in Neuroscience},      
VOLUME={4},      
PAGES={60},     
YEAR={2010}
}

@article{sigmund2010-socialLearningPromotesInstitutionsForGoverningTheCommons,
  title={Social learning promotes institutions for governing the commons},
  author={Sigmund, Karl and De Silva, Hannelore and Traulsen, Arne and Hauert, Christoph},
  journal={Nature},
  volume={466},
  number={7308},
  pages={861--863},
  year={2010},
  publisher={Nature Publishing Group}
}


@article{silk2005-chimpanzees,
  title={Chimpanzees are indifferent to the welfare of unrelated group members},
  author={Silk, Joan B and Brosnan, Sarah F and Vonk, Jennifer and Henrich, Joseph and Povinelli, Daniel J and Richardson, Amanda S and Lambeth, Susan P and Mascaro, Jenny and Schapiro, Steven J},
  journal={Nature},
  volume={437},
  number={7063},
  pages={1357--1359},
  year={2005},
  publisher={Nature Publishing Group}
}

@article{Silver2017,
  title={Mastering the game of go without human knowledge},
  author={Silver, David and Schrittwieser, Julian and Simonyan, Karen and Antonoglou, Ioannis and Huang, Aja and Guez, Arthur and Hubert, Thomas and Baker, Lucas and Lai, Matthew and Bolton, Adrian and others},
  journal={Nature},
  volume={550},
  number={7676},
  pages={354},
  year={2017},
  publisher={Nature Publishing Group}
}


@article{silver2017-masteringChessAndShogiBySelfPlay,
  title={Mastering Chess and Shogi by Self-Play with a General Reinforcement Learning Algorithm},
  author={Silver, David and Hubert, Thomas and Schrittwieser, Julian and Antonoglou, Ioannis and Lai, Matthew and Guez, Arthur and Lanctot, Marc and Sifre, Laurent and Kumaran, Dharshan and Graepel, Thore and others},
  journal={arXiv preprint arXiv:1712.01815},
  year={2017}
}

@article{Silver2016,
  title={Mastering the game of Go with deep neural networks and tree search},
  author={Silver, David and Huang, Aja and Maddison, Chris J and Guez, Arthur and Sifre, Laurent and Van Den Driessche, George and Schrittwieser, Julian and Antonoglou, Ioannis and Panneershelvam, Veda and Lanctot, Marc and others},
  journal={Nature},
  volume={529},
  number={7587},
  pages={484--489},
  year={2016},
  publisher={Nature Research}
}




@article{simon1956-rationalChoiceAndStructureOfEnvironment,
  title={Rational choice and the structure of the environment.},
  author={Simon, Herbert A},
  journal={Psychological review},
  volume={63},
  number={2},
  pages={129},
  year={1956},
  publisher={American Psychological Association}
}


@article{simon1959-theoriesOfDecisionMaking,
  title={Theories of decision-making in economics and behavioral science},
  author={Simon, Herbert A},
  journal={The American economic review},
  volume={49},
  number={3},
  pages={253--283},
  year={1959},
  publisher={JSTOR}
}




@article{simon1969-informationProcessingInProblemSolving,
  title={Information-processing analysis of perceptual processes in problem solving.},
  author={Simon, Herbert A and Barenfeld, Michael},
  journal={Psychological review},
  volume={76},
  number={5},
  pages={473},
  year={1969},
  publisher={American Psychological Association}
}

@article{simon1973-skillInChess,
  title={Skill in chess},
  author={Simon, Herbert A and Chase, William G},
  journal={American Scientist},
  volume={61},
  number={4},
  pages={394--403},
  year={1973}
}

@article{simon1974-howBigIsAChunk,
  title={How big is a chunk?},
  author={Simon, Herbert A},
  journal={Science},
  volume={183},
  number={4124},
  pages={482--488},
  year={1974},
  publisher={American Association for the Advancement of Science}
}

@article{singh2017-learningToPlayGoFromScratch,
  title={Artificial intelligence: Learning to play Go from scratch},
  author={Singh, Satinder and Okun, Andy and Jackson, Andrew},
  journal={Nature},
  volume={550},
  number={7676},
  pages={336--337},
  year={2017},
  publisher={Nature Research}
}

@article{salali2016-knowledgeSharing,
  title={Knowledge-sharing networks in hunter-gatherers and the evolution of cumulative culture},
  author={Salali, Gul Deniz and Chaudhary, Nikhil and Thompson, James and Grace, Olwen Megan and van der Burgt, Xander M and Dyble, Mark and Page, Abigail E and Smith, Daniel and Lewis, Jerome and Mace, Ruth and others},
  journal={Current Biology},
  volume={26},
  number={18},
  pages={2516--2521},
  year={2016},
  publisher={Elsevier}
}

@article{slezak2012-doNotFearYourOpponent,
  title={Do not fear your opponent: Suboptimal changes of a prevention strategy when facing stronger opponents.},
  author={Slezak, Diego Fernandez and Sigman, Mariano},
  journal={Journal of Experimental Psychology: General},
  volume={141},
  number={3},
  pages={527},
  year={2012},
  publisher={American Psychological Association}
}



@article{soltis,
  author =       "J. Soltis and R. Boyd and P. J. Richerson",
  title =        "Can group functional behaviors evolve by cultural group selection? An empirical test",
  journal =      "Current Anthropology",
  volume =       "36",
  number =       "",
  pages =        "473-494",
  year =         "1995"
}



@article{son2012-contextDependenceInOnlineSocialInteraction,
  author =       "Seokshin Son and Ah Reum Kang and Hyun-chul Kim and Taekyoung Kwon and Juyong Park and Huy Kang Kim",
  title =        "Analysis of Context Dependence in Social Interaction Networks of a Massively multiplayer Online Role-Playing Game",
  journal =      "PLoS ONE",
  volume =       "7",
  number =       "4",
  pages =        "e33918",
  year =         "2012"
}

@article{smaldino2014-groupLevelTraits,
  title={The cultural evolution of emergent group-level traits},
  author={Smaldino, Paul E},
  journal={Behavioral and Brain Sciences},
  volume={37},
  number={3},
  pages={243},
  year={2014},
  publisher={Cambridge University Press},
}

@article{smaldino2016-badScience,
  title={The natural selection of bad science},
  author={Smaldino, Paul E and McElreath, Richard},
  journal={Royal Society Open Science},
  volume={3},
  number={9},
  pages={160384},
  year={2016},
  publisher={The Royal Society}
}

@article{smolla2019-culturalSelectionNetworkStructure,
  title={Cultural selection shapes network structure},
  author={Smolla, Marco and Ak{\c{c}}ay, Erol},
  journal={Science Advances},
  volume={5},
  number={8},
  pages={eaaw0609},
  year={2019},
  publisher={American Association for the Advancement of Science}
}

@book{sneed2012-logicalStructureMathematicalPhysics,
  title={The logical structure of mathematical physics},
  author={Sneed, Joseph D},
  volume={35},
  year={2012},
  publisher={Springer Science \& Business Media}
}


@article{snodgrass2,
  author =       "Jeffrey G. Snodgrass and H. J. Francois Dengah and Michael G. Lacy and Jesse Fagan et al.",
  title =        "Restorative Magical Adventure or Warcrack? Motivated MMO Play and the Pleasures and Perils of Online Experience",
  journal =      "Games and Culture",
  volume =       "7",
  number =       "1",
  pages =        "3-28",
  year =         "2012"
}

@article{snodgrass,
  author =       "Jeffrey G. Snodgrass and H. J. Francois Dengah and Michael G. Lacy and Jesse Fagan",
  title =        "A formal anthropological view of motivation models of problematic MMO play: Achievement, social, and immersion factors in the context of culture",
  journal =      "Transcultural Psychiatry",
  volume =       "50",
  number =       "2",
  pages =        "235-262",
  year =         "2013"
}

@inproceedings{srivastava2011-dataMiningEnableComputationalSocialScience,
 author = {Srivastava, Jaideep},
 title = {Data Mining As a Key Enabler of Computational Social Science},
 booktitle = {Proceedings of the Third International Conference on Social Informatics},
 series = {SocInfo'11},
 year = {2011},
 isbn = {978-3-642-24703-3},
 location = {Singapore},
 pages = {4-4},
 numpages = {1},
 acmid = {2050732},
 publisher = {Springer-Verlag},
 address = {Berlin, Heidelberg},
} 

@article{stafford2014-skillLearningOnlineGame,
  title={Tracing the trajectory of skill learning with a very large sample of online game players},
  author={Stafford, Tom and Dewar, Michael},
  journal={Psychological Science},
  volume={25},
  number={2},
  pages={511--518},
  year={2014},
  publisher={Sage Publications Sage CA: Los Angeles, CA}
}


@article{stafford2007-stroopTask,
  title={Biologically constrained action selection improves cognitive control in a model of the Stroop task},
  author={Stafford, Tom and Gurney, Kevin N},
  journal={Philosophical Transactions of the Royal Society B: Biological Sciences},
  volume={362},
  number={1485},
  pages={1671--1684},
  year={2007},
  publisher={The Royal Society London}
}



@article{stanescu2011-ratingSystemsWithMultipleFactors,
  title={Rating systems with multiple factors},
  author={Stanescu, Marius},
  journal={Master's thesis, School of Informatics, Univ. of Edinburgh, Edinburgh, UK},
  year={2011}
}

@article{Stanley,
  author = {Stanley, H. et al.},
  journal = {Physica},
  number = {224},
  title = {Anomalous fluctuations in the dynamics of complex systems: From DNA and physiology to econophysics,},
  volume = {15},
  pages = {302-321},
  year = {1996}
}

@article{stephenson1989-informationCentrality,
  title={Rethinking centrality: Methods and examples},
  author={Stephenson, Karen and Zelen, Marvin},
  journal={Social networks},
  volume={11},
  number={1},
  pages={1--37},
  year={1989},
  publisher={Elsevier}
}

@article{stern1992-skillModelsEmpiricallyEquivalent,
  title={Are all linear paired comparison models empirically equivalent?},
  author={Stern, Hal},
  journal={Mathematical Social Sciences},
  volume={23},
  number={1},
  pages={103--117},
  year={1992},
  publisher={Elsevier},
}

@inproceedings{stern2006-bayesianMovePredictionGameOfGo,
  title={Bayesian pattern ranking for move prediction in the game of Go},
  author={Stern, David and Herbrich, Ralf and Graepel, Thore},
  booktitle={Proceedings of the 23rd international conference on Machine learning},
  pages={873--880},
  year={2006},
  organization=ACM
}

@inproceedings{stern2009-matchbox,
  title={Matchbox: large scale online bayesian recommendations},
  author={Stern, David H and Herbrich, Ralf and Graepel, Thore},
  booktitle={Proceedings of the 18th international conference on World wide web},
  pages={111--120},
  year={2009},
}

@article{stirling2010-keepItComplex,
  title={Keep it complex},
  author={Stirling, Andy},
  journal={Nature},
  volume={468},
  number={7327},
  pages={1029--1031},
  year={2010},
  publisher={Nature Publishing Group}
}

@article{strausss2014-teachingNaturally,
title = "Teaching, naturally",
author = "Sidney Strauss and Cecilia I. Calero and Mariano Sigman",
journal = "Trends in Neuroscience and Education",
volume = "3",
number = "2",
pages = "38 - 43",
year = "2014"
}

@article{subbian,
  author =       " Karthik Subbian and Ayush Singhal and Tamara G. Kolda and Ali Pinar and Jaideep Srivastava",
  title =        "On Reciprocity in Massively Multi-player Online Game Networks",
  journal =      "CoRR",
  volume =       "",
  number =       "",
  pages =        "",
  year =         "2013"
}

@book{suttonDRAFT-reinforcementLearningAnIntroduction,
  title={Reinforcement Learning: An Introduction. Second edition Draft.},
  author={Sutton, Richard S and Barto, Andrew G},
  year={2017},
  publisher={MIT Press}
}
 

@article{sutskever2008-mimickingGoExpertsWithCNN,
  title={Mimicking go experts with convolutional neural networks},
  author={Sutskever, Ilya and Nair, Vinod},
  journal={Artificial Neural Networks-ICANN 2008},
  pages={101--110},
  year={2008},
  publisher={Springer}
}


@article{szathmary1995-evolutionaryTransitions,
  title={The major evolutionary transitions},
  author={Szathm{\'a}ry, E{\"o}rs and Maynard Smith, John},
  journal={Nature},
  volume={374},
  number={6519},
  pages={227--232},
  year={1995},
  publisher={Nature Publishing Group}
}

@article{szathmary2015-evolutionaryTransitions,
  title={Toward major evolutionary transitions theory 2.0},
  author={Szathm{\'a}ry, E{\"o}rs},
  journal={Proceedings of the National Academy of Sciences},
  volume={112},
  number={33},
  pages={10104--10111},
  year={2015},
  publisher={National Acad Sciences}
}


@article{szell2010-socialDynamicsOnlineGame,
  author =       "Michael Szell and Stefan Thurner",
  title =        "Measuring social dynamics in a massive multiplayer online game",
  journal =      "Social Networks",
  volume =       "32",
  number =       "",
  pages =        "310--329",
  year =         "2010"
}

@article{Szell12a,
author = {Szell, Michael and Thurner, Stefan},
title = {SOCIAL DYNAMICS IN A LARGE-SCALE ONLINE GAME},
journal = {Advances in Complex Systems},
volume = {15},
number = {06},
pages = {1250064},
year = {2012}
}

@misc{takada2019-morePRMLerrata,
  title={More PRML errata},
  author={Takada, Yousuke},
  year={2019},
}

@misc{taleb2019-fatTails,
  title={The Statistical Consequences of Fat Tails},
  author={Taleb, Nassim Nicholas},
  year={2019},
  publisher={STEM Publishing},
}

@article{tarde1890-loiImitation,
  title={Les Lois de lâimitation},
  author={Tarde, Gabriel},
  journal={Alcan, Felix},
  pages={450},
  year={1890}
}

@article{taylor1978-replicatorDynamic,
  title={Evolutionary stable strategies and game dynamics},
  author={Taylor, Peter D and Jonker, Leo B},
  journal={Mathematical biosciences},
  volume={40},
  number={1-2},
  pages={145--156},
  year={1978},
  publisher={Elsevier}
}

@article{taylor2015-selectiveInference,
  title={Statistical learning and selective inference},
  author={Taylor, Jonathan and Tibshirani, Robert J},
  journal=PNAS,
  volume={112},
  number={25},
  pages={7629--7634},
  year={2015},
  publisher={National Acad Sciences}
}

@article{tenenbaum2011-howToGrowAMind,
  title={How to grow a mind: Statistics, structure, and abstraction},
  author={Tenenbaum, Joshua B and Kemp, Charles and Griffiths, Thomas L and Goodman, Noah D},
  journal={science},
  volume={331},
  number={6022},
  pages={1279--1285},
  year={2011},
  publisher={American Association for the Advancement of Science},
}

@article{teng2010-longevityInSecondLife,
  author = {ChunYuen Teng and Lada Adamic},
  title = {Longevity in Second Life},
  conference = {International AAAI Conference on Weblogs and Social Media},
  year = {2010},
}

@article{Tennie2009,
  author = {Tennie, Claudio  and Call, Josep  and Tomasello, Michael },
  title = {Ratcheting up the ratchet: on the evolution of cumulative culture},
  journal = {Philosophical Transactions of the Royal Society B: Biological Sciences},
  volume = {364},
  number = {1528},
  pages = {2405-2415},
  year = {2009},
  doi = {10.1098/rstb.2009.0052},
  URL = {https://royalsocietypublishing.org/doi/abs/10.1098/rstb.2009.0052},
  eprint = {https://royalsocietypublishing.org/doi/pdf/10.1098/rstb.2009.0052}
}

@inproceedings{tesauro1997-onlinePolicyUsingMonteCarloSearch,
  title={On-line policy improvement using Monte-Carlo search},
  author={Tesauro, Gerald and Galperin, Gregory R},
  booktitle={Advances in Neural Information Processing Systems},
  pages={1068--1074},
  year={1997}
}

@techreport{theil1967-economicsAndInformationTheory,
  title={Economics and information theory},
  author={Theil, Henri},
  year={1967},
  publisher={Amsterdam: NorthâHolland},
}

@article{thorsby2016-polynesiaAmerica,
  title={Genetic evidence for a contribution of native Americans to the early settlement of Rapa Nui (Easter Island)},
  author={Thorsby, Erik},
  journal={Frontiers in Ecology and Evolution},
  volume={4},
  pages={118},
  year={2016},
  publisher={Frontiers}
}


@article{thurner2012-emergenceOfLawInOnlineGame,
  author =       "Stefan Thurner and Michael Szell and Roberta Sinatra",
  title =        "Emergence of Good Conduct, Scaling and Zipf Laws in Human Behavioral Sequences in an Online World",
  journal =      "PLoS ONE",
  volume =       "7",
  number =       "1",
  pages =        "e29796",
  year =         "2012"
}

@ARTICLE{Thurstone1927,
  title = {Psychophysical Analysis},
  author = {Thurstone, Louis L},
  journal = AmJPsychol,
  volume = 38,
  number = 3,
  pages = {368--389},
  year = 1927,
  publisher = {The University of Illinois Press},
  doi = "10.2307/1415006",
  issn = {0002-9556},
}


@article{thurstone1927-comparativeJugement,
  title={A law of comparative judgment.},
  author={Thurstone, Louis L},
  journal={Psychological review},
  volume={34},
  number={4},
  pages={273},
  year={1927},
  publisher={Psychological Review Company},
}

@article{toelch2014-humanSocialInformationUse,
  title={Individual consistency and flexibility in human social information use},
  author={Toelch, Ulf and Bruce, Matthew J and Newson, Lesley and Richerson, Peter J and Reader, Simon M},
  journal={Proceedings of the Royal Society of London B: Biological Sciences},
  volume={281},
  number={1776},
  pages={20132864},
  year={2014},
  publisher={The Royal Society}
}

@article{Tomasello1993, 
  title={Cultural learning}, 
  volume={16}, 
  DOI={10.1017/S0140525X0003123X}, 
  number={3}, 
  journal={Behavioral and Brain Sciences}, 
  publisher={Cambridge University Press}, 
  author={Tomasello, Michael and Kruger, Ann Cale and Ratner, Hilary Horn}, 
  year={1993}, 
  pages={495â511}
}

@article{tomasello2005-sharingIntentions,
  title={Understanding and sharing intentions: The origins of cultural cognition},
  author={Tomasello, Michael and Carpenter, Malinda and Call, Josep and Behne, Tanya and Moll, Henrike},
  journal={Behavioral and brain sciences},
  volume={28},
  number={5},
  pages={675--691},
  year={2005},
  publisher={Cambridge University Press}
}

@article{topping2015-peerTutoring,
  title={Peer tutoring: old method, new developments},
  author={Topping, Keith},
  journal={Journal for the Study of Education and Development},
  volume={38},
  number={1},
  pages={1--29},
  year={2015},
  publisher={Taylor \& Francis}
}

@article{traulsen2009-stochasticEvolutionaryDynamics,
  title={Stochastic evolutionary game dynamics},
  author={Traulsen, Arne and Hauert, Christoph},
  journal={Reviews of nonlinear dynamics and complexity},
  volume={2},
  pages={25--61},
  year={2009},
  publisher={Wiley Online Library},
}

@book{treil2017-linearAlgebra,
  title={Linear algebra done wrong},
  author={Treil, Sergi},
  year={2017},
  publisher={Department of Mathematics, Brown University},
}


@article{trivers1971-reciprocalAltruism,
  author =       "Robert L. Trivers",
  title =        "The Evolution of Reciprocal Altruism",
  journal =      "The Quarterly Review of Biology",
  volume =       "46",
  number =       "1",
  pages =        "35-57",
  year =         "1971"
}

@misc{trueskill_patent_06,
  title={Bayesian scoring},
  author={Graepel, T.K.H. and Herbrich, R.},
  year={2006},
  month=may # "~23",
  publisher={Google Patents},
  note={US Patent 7,050,868}
}

@misc{trueskill_patent_09,
  title={Determining Relative Skills of Players},
  author={Minka, T. and Graepel, T.K. and Herbrich, R.},
  year={2009},
  month=sep # "~10",
  publisher={Google Patents},
  note={US Patent App. 12/278,387}
}

@article{Tsalouchidou2020,
	title = {Temporal betweenness centrality in dynamic graphs},
	volume = {9},
	issn = {2364-415X, 2364-4168},
	url = {http://link.springer.com/10.1007/s41060-019-00189-x},
	doi = {10.1007/s41060-019-00189-x},
	language = {en},
	number = {3},
	urldate = {2021-02-15},
	journal = {International Journal of Data Science and Analytics},
	author = {Tsalouchidou, Ioanna and Baeza-Yates, Ricardo and Bonchi, Francesco and Liao, Kewen and Sellis, Timos},
	month = apr,
	year = {2020},
	pages = {257--272},
}

@techreport{tu2014-dirichletMultinomialCategorical,
  title={The dirichlet-multinomial and dirichlet-categorical models for bayesian inference},
  author={Tu, Stephen},
  journal={Computer Science Division, UC Berkeley},
  year={2014},
}

@book{turner2017-ethnography,
  title={The ritual process: Structure and anti-structure},
  author={Turner, Victor and Abrahams, Roger D and Harris, Alfred},
  year={2017},
  publisher={Routledge}
}

@book{tuzin1997-ethnography,
  title={The cassowary's revenge: the life and death of masculinity in a New Guinea society},
  author={Tuzin, Donald},
  year={1997},
  publisher={University of Chicago Press}
}

@incollection{tversky1975-judgmentUnderUncertaintyHeuristicsAndBiases,
  title={Judgment under uncertainty: Heuristics and biases},
  author={Tversky, Amos and Kahneman, Daniel},
  booktitle={Utility, probability, and human decision making},
  pages={141--162},
  year={1975},
  publisher={Springer}
}

@article{vaci2016-chessDatabasesAgePerformance,
  title={Chess databases as a research vehicle in psychology: Modeling large data},
  author={Vaci, Nemanja and Bilali{\'c}, Merim},
  journal={Behavior Research Methods},
  pages={1--14},
  year={2016},
  publisher={Springer}
}

@book{valero1996-ethnography,
  title={Yanoama: the story of Helena Valero, a girl kidnapped by Amazonian Indians},
  author={Valero, Helena},
  year={1996},
  publisher={Kodansha Amer Incorporated}
}

@article{van2003-orangutanCultures,
  title={Orangutan cultures and the evolution of material culture},
  author={Van Schaik, Carel P and Ancrenaz, Marc and Borgen, Gwendolyn and Galdikas, Birute and Knott, Cheryl D and Singleton, Ian and Suzuki, Akira and Utami, Sri Suci and Merrill, Michelle},
  journal={Science},
  volume={299},
  number={5603},
  pages={102--105},
  year={2003},
  publisher={American Association for the Advancement of Science}
}

@BOOK{VanDerLinden2016,
  title = {Handbook of Item Response Theory, Volume 1: Models},
  series = "Statistics in the Social and Behavioral Sciences",
  author = {van der Linden, Wim J},
  month = Aug,
  year = 2016,
  publisher = {Chapman and Hall/CRC},
  isbn = "978-1466514317",
}

@book{vanDerLinden2016-handbookIRT_2,
   title={Handbook of Item Response Theory, Volume 2: Statistical Tools},
   author ={van der Linden, Wim J},
   publisher={Chapman and Hall/CRC},
   year={2016},
}

@book{vanDerLinden2017-handbookIRT_3,
  title={Handbook of Item Response Theory, Volume 3: Applications},
  author={Van der Linden, Wim J},
  year={2017},
  publisher={Chapman and Hall/CRC},
}


@inproceedings{vanDerWerf2002-localMovePredictionInGo,
  title={Local move prediction in Go},
  author={Van Der Werf, Erik and Uiterwijk, Jos WHM and Postma, Eric and Van Den Herik, Jaap},
  booktitle={International Conference on Computers and Games},
  pages={393--412},
  year={2002},
  organization={Springer}
}


@article{vandoorn,
  author =       "G. S. van Doorn and M. Taborsky",
  title =        "The evolution of generalized reciprocity on social interaction networks",
  journal =      "Evolution",
  volume =       "66",
  number =       "3",
  pages =        "651-664",
  year =         "2012"
}

@ARTICLE{VanHorn2003,
  title = {Constructing a Logic of Plausible Inference: a Guide to Coxâs Theorem},
  author = {Van Horn, Kevin S},
  journal = IntJApproxReason,
  volume = 34,
  number = 1,
  month = Sep,
  pages = {3--24},
  year = 2003,
  publisher = {Elsevier},
  issn = "0888-613X",
  doi = "10.1016/S0888-613X(03)00051-3",
}

@article{vanWey2005-spatiallyExplicitData,
  title={Confidentiality and spatially explicit data: Concerns and challenges},
  author={VanWey, Leah K and Rindfuss, Ronald R and Gutmann, Myron P and Entwisle, Barbara and Balk, Deborah L},
  journal=PNAS,
  volume={102},
  number={43},
  pages={15337--15342},
  year={2005},
  publisher={National Acad Sciences}
}

@book{vigil2019-agriculturafamiliar,
  title={Agricultura familiar campesina e ind\'igena en la Argentina, 2004-2017},
  author={Vigil, Carlos},
  publisher={Montevideo: Coprofam},
  year={2019}
}

@article{vinyals2017-starcraft2NewChallengeForReinforcementLearning,
  title={Starcraft ii: A new challenge for reinforcement learning},
  author={Vinyals, Oriol and Ewalds, Timo and Bartunov, Sergey and Georgiev, Petko and Vezhnevets, Alexander Sasha and Yeo, Michelle and Makhzani, Alireza and K{\"u}ttler, Heinrich and Agapiou, John and Schrittwieser, Julian and others},
  journal={arXiv preprint arXiv:1708.04782},
  year={2017}
}


@article{vonNeumann1928-gesellschaftsspiele,
  title={Zur theorie der gesellschaftsspiele},
  author={von Neumann, John},
  journal={Mathematische annalen},
  volume={100},
  number={1},
  pages={295--320},
  year={1928},
  publisher={Springer}
}

@book{vonNeuman1944-theoryGames,
  title={Theory of games and economic behavior},
  author={Von Neumann, John and Morgenstern, Oskar},
  year={1944},
  publisher={Princeton university press}
}

@article{wainwright2008-variationalInference,
  title={Graphical models, exponential families, and variational inference},
  author={Wainwright, Martin J and Jordan, Michael I and others},
  journal={Foundations and Trends{\textregistered} in Machine Learning},
  volume={1},
  number={1--2},
  pages={1--305},
  year={2008},
  publisher={Now Publishers, Inc.}
}

@article{waldseemuller1507-universalisCosmographia,
  title={Universalis cosmographia secundum Ptholomaei traditionem et Americi Vespucii Aliorumque Iustrationes [Material cartogr{\'a}fico]: Mapa Universal de 1507/Martinus Waldseem{\"u}ller; reproducci{\'o}n reducida y comentarios por Carlos Sanz},
  author={Waldseem{\"u}ller, Martin and Sanz, Carlos},
  year={1959 [1507]},
  publisher={Madrid: Yag{\"u}es}
}

@article{waldron2010-agaRatingsSystem,
  title={The AGA Ratings System},
  author={Waldron, Philip},
  year={2010},
  url={http://usgo.org/ratings/downloads/AGARatings-Math.pdf}
}

@article{wang2013-variationalInferenceInNonconjugateModels,
  title={Variational inference in nonconjugate models},
  author={Wang, Chong and Blei, David M},
  journal={Journal of Machine Learning Research},
  volume={14},
  number={Apr},
  pages={1005--1031},
  year={2013},
  note={menciona Bayesian IRT}
}

@book{weber1905-eticaProtestante,
  title={La {\'e}tica protestante y el esp{\'\i}ritu del capitalismo},
  author={Weber, Max},
  year={2012 [1905]},
  publisher={Fondo de cultura econ{\'o}mica}
}
 
@inproceedings{wei2010-diffusionOfGamesInOnlineNetworks,
 author = {Wei, Xiao and Yang, Jiang and Adamic, Lada A. and de Ara\'{u}jo, Ricardo Matsumura and Rekhi, Manu},
 title = {Diffusion Dynamics of Games on Online Social Networks},
 booktitle = {Proceedings of the 3rd Wonference on Online Social Networks},
 series = {WOSN'10},
 year = {2010},
 location = {Boston, MA},
 pages = {2--2},
 numpages = {1},
 acmid = {1863192},
 publisher = {USENIX Association},
 address = {Berkeley, CA, USA},
} 

@article{weng2011-bayesianApproximationOnlineRanking,
  title={A bayesian approximation method for online ranking},
  author={Weng, Ruby C and Lin, Chih-Jen},
  journal={Journal of Machine Learning Research},
  volume={12},
  number={Jan},
  pages={267--300},
  year={2011},
}

@article{weng2018-realTimeBayesianIRT,
  title={Real-time Bayesian parameter estimation for item response models},
  author={Weng, Ruby Chiu-Hsing and Coad, D Stephen and others},
  journal={Bayesian Analysis},
  volume={13},
  number={1},
  pages={115--137},
  year={2018},
  publisher={International Society for Bayesian Analysis},
}


@book{Wasserman1994-socialNetwork,
    author    = "Wasserman, Stanley and Faust, Katherine",
    title     = "Social Network Analysis: Methods and Applications",
    month     = nov,
    isbn      = 9780521387071,
    year      = "1994",
    publisher = "Cambridge University Press",
    address   = "Cambridge"
}

@article{wasserman2000-bayesianModelSelection,
  title={Bayesian model selection and model averaging},
  author={Wasserman, Larry},
  journal={Journal of mathematical psychology},
  volume={44},
  number={1},
  pages={92--107},
  year={2000},
  publisher={Elsevier}
}


@book{WassermanLarry2004,
    author    = "Wasserman, Larry A. ",
    title     = "All of Statistics: A Concise Course in Statistical Inference ",
    isbn      = "9780387402727",
    year      = "2004",
    publisher = "Springer Texts in Statistics",
    address   = "USA"
}

@book{wagenmakers,
    author    = "Lee, Michael D. and Wagenmakers, Eric-Jan",
    title     = "A Course in Bayesian Graphical Modeling for Cognitive Science",
    isbn      = "9781107603578",
    year      = "2014",
    publisher = "Cambridge University Press",
    address   = "USA"
}


@article{watts2009,
  author =       "Duncan Watts and Steven Strogatz",
  title =        "Collective dynamics of 'small-world' networks",
  journal =      "Nature",
  volume =       "393",
  number =       "",
  pages =        "440 - 442",
  year =         "2009"
}

@article{whiten1999-culturesInChimpanzees,
  title={Cultures in chimpanzees},
  author={Whiten, Andrew and Goodall, Jane and McGrew, William C and Nishida, Toshisada and Reynolds, Vernon and Sugiyama, Yukimaru and Tutin, Caroline EG and Wrangham, Richard W and Boesch, Christophe},
  journal={Nature},
  volume={399},
  number={6737},
  pages={682--685},
  year={1999},
  publisher={Nature Publishing Group}
}

@article{whiten2005-culturalNormsToolUseChimpanzees,
  title={Conformity to cultural norms of tool use in chimpanzees},
  author={Whiten, Andrew and Horner, Victoria and De Waal, Frans BM},
  journal={Nature},
  volume={437},
  number={7059},
  pages={737--740},
  year={2005},
  publisher={Nature Publishing Group}
}

@article{wiering2008-ensembleAlgorithmsInReinforcementLearning,
  title={Ensemble algorithms in reinforcement learning},
  author={Wiering, Marco A and Van Hasselt, Hado},
  journal={IEEE Transactions on Systems, Man, and Cybernetics, Part B (Cybernetics)},
  volume={38},
  number={4},
  pages={930--936},
  year={2008},
  publisher={IEEE}
}

@article{wilkinson2016-fairDataManagement,
  title={The FAIR Guiding Principles for scientific data management and stewardship},
  author={Wilkinson, Mark D and Dumontier, Michel and Aalbersberg, IJsbrand Jan and Appleton, Gabrielle and Axton, Myles and Baak, Arie and Blomberg, Niklas and Boiten, Jan-Willem and da Silva Santos, Luiz Bonino and Bourne, Philip E and others},
  journal={Scientific data},
  volume={3},
  year={2016},
  publisher={Nature Publishing Group},
}

@book{williams1966-adaptation,
  title={Adaptation and natural selection},
  author={Williams, George C and Burt, Austin},
  year={1966},
  publisher={Princeton University Press}
}

@article{williams2006-guildsWorldOfWarcraft,
  author =       "Dmitri Williams and Nicolas Ducheneaut and Li Xiong and Yuanyuan Zhang and Nick Yee and Eric Nickell",
  title =        "From Tree House to Barracks: The Social Life of Guilds in World of Warcraft",
  journal =      "Games and Culture",
  volume =       "1",
  number =       "4",
  pages =        "338-361",
  year =         "2006"
}

@misc{winn-MBMLbook,
  title={Model-Based Machine Learning},
  author={Winn, John and Bishop, Christopher M and Diethe, Thomas and Zaykov, Yordan},
  year={2019},
  url={http://mbmlbook.com/MBMLbook.pdf}
}

@article{wisdom2013-experiment,
  title={Social learning strategies in networked groups},
  author={Wisdom, Thomas N and Song, Xianfeng and Goldstone, Robert L},
  journal={Cognitive Science},
  volume={37},
  number={8},
  pages={1383--1425},
  year={2013},
  publisher={Wiley Online Library}
}


@article{woolley2010-collectiveIntelligenceFactorInThePerformanceOfHumanGroups,
  title={Evidence for a collective intelligence factor in the performance of human groups},
  author={Woolley, Anita Williams and Chabris, Christopher F and Pentland, Alex and Hashmi, Nada and Malone, Thomas W},
  journal={science},
  volume={330},
  number={6004},
  pages={686--688},
  year={2010},
  publisher={American Association for the Advancement of Science}
}

@article{woolley2015-collectiveIntelligenceAndGroupPerformance,
  title={Collective intelligence and group performance},
  author={Woolley, Anita Williams and Aggarwal, Ishani and Malone, Thomas W},
  journal={Current Directions in Psychological Science},
  volume={24},
  number={6},
  pages={420--424},
  year={2015},
  publisher={Sage Publications Sage CA: Los Angeles, CA}
}

@techreport{wu2004-propertiesGaussian,
  title={Some properties of the Gaussian distribution},
  author={Wu, Jianxin},
  journal={Atlanta, GA: Georgia Institute of Technology},
  year={2004},
}

@article{wulfmeier2015-deepMaxEntropyIRL,
  title={Maximum entropy deep inverse reinforcement learning},
  author={Wulfmeier, Markus and Ondruska, Peter and Posner, Ingmar},
  journal={arXiv preprint arXiv:1507.04888},
  year={2015},
}

@article{yaari2010-cooperationEvolution,
  title={Cooperation evolution in random multiplicative environments},
  author={Yaari, Gur and Solomon, Sorin},
  journal={The European Physical Journal B},
  volume={73},
  number={4},
  pages={624--632},
  year={2010},
  publisher={Springer},
}

@inproceedings{yang2013-teamSucces,
  title={Knowledge discovery for characterizing team success or failure in (a) rts games},
  author={Yang, Pu and Roberts, David L},
  booktitle={Computational Intelligence in Games (CIG), 2013 IEEE Conference on},
  pages={1--8},
  year={2013},
  organization={IEEE}
}

@article{Yasseri12,
    author = {Yasseri, , Taha AND Sumi, , Robert AND Rung, , AndrÃ¡s AND Kornai, , AndrÃ¡s AND KertÃ©sz, , JÃ¡nos},
    journal = {PLoS ONE},
    publisher = {Public Library of Science},
    title = {Dynamics of Conflicts in Wikipedia},
    year = {2012},
    month = {06},
    volume = {7},
    pages = {e38869},
    number = {6}
}    

@article{yee,
 author = {Yee, Nick},
 title = {The Demographics, Motivations, and Derived Experiences of Users of Massively Multi-user Online Graphical Environments},
 journal = {Presence: Teleoper. Virtual Environ.},
 issue_date = {June 2006},
 volume = {15},
 number = {3},
 month = jun,
 year = {2006},
 pages = {309--329},
 publisher = {MIT Press},
 address = {Cambridge, MA, USA},
} 

@book{zaffaroni2013-cuestionCriminal,
  title={La cuesti{\'o}n criminal},
  author={Zaffaroni, Eugenio Ra{\'u}l and Rep, Miguel},
  year={2013},
  publisher={Planeta}
}

@book{zeigler,
    author    = "Bernard P Zeigler and Herbert Praehofer and Tag Gon Kim.",
    title     = "Theory of modeling and simulation: integrating discrete event and continuous complex dynamic systems ",
    year      = "2000",
    publisher = "Academic Press",
    address   = ""
}

@InBook{Zermelo1929,
  Chapter = {The Calculation of the Results of a Tournament as a Maximum Problem in the Calculus of Probability},
  author = {Zermelo, Ernst},
  editor = {Ebbinghaus, Heinz-Dieter and Kanamori, Akihiro},
  title = {Ernst Zermelo - Collected Works Volume II},
  pages = {616--671},
  year = {2013},
  doi = {10.1007/978-3-540-70856-8},
  isbn = {978-3-540-70856-8},
  publisher = "Springer-Verlag",
  address = "Berlin Heidelberg",
  series = {Schriften der Mathematisch-naturwissenschaftlichen Klasse},
  volume = 23,
  note = {Translation of 1929 original paper},
}

@article{zermelo1929-maximumproblem,
  title={Die berechnung der turnier-ergebnisse als ein maximumproblem der wahrscheinlichkeitsrechnung},
  author={Zermelo, Ernst},
  journal={Mathematische Zeitschrift},
  volume={29},
  number={1},
  pages={436--460},
 issue_date = {June 1996},
 volume = {25},
 number = {2},
 month = {jun},
 year = {1996},
 pages = {103--114},
 publisher = {ACM},
 address = {New York, NY, USA},
} 

@inproceedings{ziebart2008-inverseReinforcementLearning,
  title={Maximum entropy inverse reinforcement learning.},
  author={Ziebart, Brian D and Maas, Andrew L and Bagnell, J Andrew and Dey, Anind K},
  booktitle={Aaai},
  volume={8},
  pages={1433--1438},
  year={2008},
  organization={Chicago, IL, USA},
}

@inproceedings{ziebart2009-panningBasedPredictionOfPedestrians,
  title={Planning-based prediction for pedestrians},
  author={Ziebart, Brian D and Ratliff, Nathan and Gallagher, Garratt and Mertz, Christoph and Peterson, Kevin and Bagnell, J Andrew and Hebert, Martial and Dey, Anind K and Srinivasa, Siddhartha},
  booktitle={2009 IEEE/RSJ International Conference on Intelligent Robots and Systems},
  pages={3931--3936},
  year=2009,
  organization={IEEE},
}

@article{ziebart2010-interactionViaMaximumCausalEntropy,
  title={Modeling interaction via the principle of maximum causal entropy},
  author={Ziebart, Brian D and Bagnell, J Andrew and Dey, Anind K},
  year={2010},
  publisher={Carnegie Mellon University}
}




