% In this file, only include the abbreviated journal names. It must be used in conjunction with the full bibtex file.

@STRING(AAAS = "AAAS")

@STRING(AAPT = "AAPT")

@STRING(ACM = "ACM")

@STRING(ACMComputSurv= "ACM Comput Surv")

@STRING(ACMSIGARCH = "ACM Comp Ar")

@STRING(ACMSIGCOMMCompCom = "ACM SIGCOMM Comp Com")

@STRING(ACMTransGraph = "ACM T Graph")

@STRING(ACMTArchitCodeOp = "ACM T Archit Code Op")

@STRING(ActaMathApplSin = "Acta Math Appl Sin")

@STRING(AdHocNetw = "Ad Hoc Netw")

@STRING(AdvStudBehav = "Adv Stud of Behav")

@STRING(AmAntiquity = "Am Antiquity")

@STRING(AmJPhys = "Am J Phys")

@STRING(AmJPsychol = "Am J Psychol")

@STRING(AnnBiomedEng = "Ann Biomed Eng")

@STRING(AnnuRevBiomedEng = "Annu Rev Biomed Eng")

@STRING(AnnuRevBiophys = "Annu Rev Biophys")

@STRING(APS = "APS")

@STRING(ArtifIntell = "Artif Intell")

@STRING(BellSystTechJ = "Bell Syst Tech J")

@STRING(BiochimBiophysActa = "Biochim Biophys Acta")

@STRING(BiomedEngOnline = "Biomed Eng Online")

@STRING(BiophysJ = "Biophys J")

@STRING(BMCMedEduc = "BMC Med Educ")

@STRING(CanJPhys = "Can J Phys")

@STRING(CancerRes = "Cancer Res")

@STRING(ChaosSolitonFract = "Chaos Soliton Fract")

@STRING(ChemCommun = "Chem Commun")

@STRING(ChemRev = "Chem Rev")

@STRING(ChemPhysLett = "Chem Phys Lett")

@STRING(ChinaCommun = "China Commun")

@STRING(CLEIej = "CLEIej")

@STRING(ClinCancerRes = "Clin Cancer Res")  

@STRING(CommunACM = "Commun ACM")

@STRING(Computer = "Computer")

@STRING(ComputCommun = "Comput Commun")

@STRING(ComputFluids = "Comput Fluids")

@STRING(ComputMethProgBio = "Comput Meth Prog Bio")

@STRING(ComputMusicJ = "Comput Music J")

@STRING(ComputNetworksISDN = "Comput Newtorks ISDN")

@STRING(ComputPhysCommun = "Comput Phys Commun")

@STRING(ComputSciEng = "Comput Sci Eng")

@STRING(Conf = "Conf ")

@STRING(ElectrochimActa = "Electrochim Acta")

@STRING(EnergConversManage = "Energ Convers Manage")
    	
@STRING(ETNA = "Electron T Numer Ana")

@STRING(EurJOperRes = "Eur J Oper Res")

@STRING(EvolHumBehav = "Evol Hum Behav")

@STRING(FGCS = "Future Gener Comp Syst")

@STRING(FrontChem = "Front Chem")

@STRING(FrontNeurosci = "Front Neurosci")

@STRING(IEEE = "IEEE")

@STRING(IEEEACMTNetwork = "IEEE ACM T Network")

@STRING(IEEECommMag = "IEEE Commun Mag")

@STRING(IEEECommSurv = "IEEE Commun Surv Tut")

@STRING(IEEEComp = "IEEE Computer")

@STRING(IEEECompArchitL = "IEEE Comp Archit L")

@STRING(IEEEElectrInsulM = "IEEE Electr Insul M")

@STRING(IEEEInternetThingsJ = "IEEE Internet Things J")

@STRING(IEEEJornSelAreaComm = "IEEE J Sel Area Comm")

@STRING(IEEEJSolidStCirc = "IEEE J Solid-St Circ")

@STRING(IEEESensors = "IEEE Sens J")

@STRING(IEEESignalProcMag = "IEEE Signal Proc Mag")

@STRING(IEEETransBioMedEng = "IEEE T Bio-Med Eng")

@STRING(IEEETransCircuitsSyst = "IEEE T Circuits Syst")

@STRING(IEEETransCommun = "IEEE T Commun")

@STRING(IEEETransComput = "IEEE T Comput")

@STRING(IEEETransComputAid = "IEEE T Comput Aid D")

@STRING(IEEETransDielectElIn = "IEEE T Dielect El In")

@STRING(IEEETransEduc = "IEEE T Educ")

@STRING(IEEETransInformTheory = "IEEE T Inform Theory")

@STRING(IEEETransParallelDistribSyst ="IEEE T Parallel Distrib Syst")

@STRING(IEEETransPlasmaSci = "IEEE T Plasma Sci")

@STRING(IEEETransSmartGrid = "IEEE T Smart Grid")

@STRING(IEEETransSystManCyb = "IEEE T Syst Man Cyb")

@STRING(IEEEWirelCommun = "IEEE Wirel Commun")

@STRING(IEEEWirelCommunLe = "IEEE Wirel Commun Le")

@STRING(InformSciences = "Inform Sciences")

@STRING(InformSystFront = "Inform Syst Front")

@STRING(InorgChem = "Inorg Chem")

@STRING(Int = "Int ")

@STRING(IntegrBiol = "Integr Biol")

@STRING(IntJAdHocUbiqCo = "Int J Ad Hoc Ubiq Co")

@STRING(IntJApproxReason = "Int J Approx Reason")

@STRING(IntJCompApp = "Int J Comput Appl")

@STRING(IntJHighPerformComputAppl = "Int J High Perform Comput Appl")

@STRING(IntJParallelProg = "Int J Parallel Prog")

@STRING(JAmChemSoc = "J Am Chem Soc")

@STRING(JAudioEngSoc = "J Audio Eng Soc")

@STRING(JBiomechEng = "J Biomech Eng")

@STRING(JChemPhys = "J Chem Phys")

@STRING(JChemTheoCompt = "J Chem Theory Comput")

@STRING(JCommun = "J Commun")

@STRING(JComputChem = "J Comput Chem")

@STRING(JCompPhys = "J Comput Phys")

@STRING(JComputSciTechnol = "J Comput Sci Technol")

@STRING(JComputSystSci = "J Comput Syst Sci")

@STRING(JElectrochemSoc = "J Electrochem Soc")

@STRING(JFluidMech = "J Fluid Mech")

@STRING(JFoodEng = "J Food Eng")

@STRING(JGridComput="J Grid Comput")

@STRING(JHeuristics = "J Heuristics")

@STRING(JIndInfIntegr = "J Ind Inf Integr")

@STRING(JLowPowerElectronAppl ="J Low Power Electron Appl")

@STRING(JMachLearnRes = "J Mach Learn Res")

@STRING(JMembraneBiol = "J Membrane Biol")

@STRING(JMolGraphics = "J Mol Graphics")

@STRING(JNetwComputAppl = "J Netw Comput Appl")

@STRING(JParDistrComp="J Parallel Distr Com")

@STRING(JPhysChemA = "J Phys Chem A")

@STRING(JPhysChemB = "J Phys Chem B")

@STRING(JPhysSocJpn = "J Phys Soc Jpn")

@STRING(JRoyStatSocCApp = "J Roy Stat Soc C-App")

@STRING(JStatPhys = "J Stat Phys")

@STRING(JSupercomput = "J Supercomput")

@STRING(LectNotesComputSci = "Lect Notes Comput Sci")

@STRING(MDPI = "MDPI")

@STRING(MicroprocessMicrosy = "Microprocess Microsy")

@STRING(MolBiotechnol = "Mol Biotechnol")

@STRING(MolPhys = "Mol Phy")

@STRING(NAS = "Nat Acad Sci")

@STRING(NatCellBiol = "Nat Cell Biol")

@STRING(NatChem = "Nat Chem")

@STRING(NatComm = "Nat Comm")

@STRING(NatHumBehav = "Nat Hum Behav")

@STRING(NatPho = "Nat Photonics")

@STRING(NPG = "NPG")

@STRING(ParallelComput = "Parallel Comput")

@STRING(PatternRecogn = "Pattern Recogn")

@STRING(PIEEE = "P IEEE")

@STRING(PPNA = "Peer Peer Netw Appl")

@STRING(PhilosTRSocA = "Philos T R Soc A")

@STRING(PhilosTRSocB = "Philos T R Soc B")

@STRING(PhysicaA = "Physica A")

@STRING(PhysicaD = "Physica D")

@STRING(PhysChemChemPhys ="Phys Chem Chem Phys")

@STRING(PhysRev = "Phys Rev")

@STRING(PhysRevA = "Phys Rev A")

@STRING(PhysRevB = "Phys Rev B")

@STRING(PhysRevE = "Phys Rev E")

@STRING(PhysRevLett = "Phys Rev Lett")

@STRING(PNAS = "Proc Natl Acad Sci USA")

@STRING(Proc = " Proc ")

@STRING(ProcediaComputSci = "Procedia Comput Sci")

@STRING(RenewEnerg = "Renew Energ")

@STRING(RenewSustEnergRev = "Renew Sust Energ Rev")

@STRING(RepProgPhys = "Rep Prog Phys")

@STRING(RevModPhys = "Rev Mod Phys")

@STRING(SciRep = "Sci Rep")

@STRING(SimulModelPractTh = "Simul Model Pract Th")

@STRING(SimulTSocModSim = "Simul-T Soc Mod Sim")

@STRING(Springer = "Springer")

@STRING(SocNetworks = "Soc Networks")

@STRING(SoftwPractExp = "Softw Pract Exp")

@STRING(Symp = " Symp ")

@STRING(TrendsBiotechnol = "Trends Biotechnol")

@STRING(TrendsCognSci = "Trends Cogn Sci")

Trends in Cognitive Sciences

@STRING(WirelessNet= "WIREL NETW")
